4358 5288
989 577 1013 672 ³
1081 697 1086 713 t

243 769 435 856 sta-iptorm
456 776 586 854 praeter
606 767 785 836 Diodorum
807 779 1060 834 commemorent
1080 765 1272 834 Plutarchus
1293 761 1409 832 Timol.
1423 787 1452 833 c.
1466 767 1519 834 53.
1536 769 1567 836 5.
1604 787 1634 834 e.
1649 767 1703 835 57.
1722 767 1754 834 5.

243 887 276 940 et
298 871 485 942 Amenaeus
503 875 554 940 lll.
580 893 608 938 c.
622 875 675 940 54.
694 893 733 958 p.
753 871 806 940 08.
832 871 887 952 D,
905 873 991 956 apud
1016 869 1130 938 horum
1154 883 1323 956 naamam
1350 891 1417 936 non
1433 867 1579 947 Ἀθάνας
1606 871 1756 938 scribimr

208 1063 210 1068 ,
242 980 302 1044 sed
312 975 461 1052 Ἄθανις.
503 979 586 1045 Nam
605 979 690 1065 quad
709 978 796 1062 apud
811 973 1017 1042 Plutarchum
1032 973 1170 1042 Athonis
1184 977 1227 1040 de
1248 976 1348 1040 rebus
1360 974 1589 1042 Timoleonteis
1610 976 1651 1042 ad
1667 976 1755 1042 tasti-
1805 1035 1807 1042 .

241 1083 383 1172 monium
399 1083 542 1160 iocatur,
565 1082 651 1165 apud
663 1080 866 1147 Athenaeum
887 1080 1010 1164 primtm
1030 1079 1102 1145 eius
1123 1079 1204 1145 liber
1222 1079 1262 1145 de
1278 1078 1427 1166 Dionysii
1443 1079 1555 1164 poesi:
1573 1111 1614 1128 -
1635 1090 1670 1144 ιιι
1688 1097 1755 1144 nou

241 1182 300 1250 suit
320 1184 426 1252 adhoc
445 1186 490 1251 ita
510 1183 596 1250 hand
616 1183 713 1250 facile
730 1185 900 1270 quisquam
922 1181 983 1248 erit
996 1183 1050 1268 qni
1070 1183 1104 1248 iu
1124 1193 1213 1264 tanta
1233 1201 1341 1248 rerum
1362 1184 1582 1266 expositarum
1595 1183 1755 1249 vicinitate

241 1287 303 1354 hos
325 1301 476 1354 auctores
498 1289 649 1354 diversos
677 1285 797 1352 habere
819 1298 874 1352 aut
899 1287 983 1352 iuter
1002 1287 1095 1370 ipsos
1120 1298 1175 1352 out
1196 1305 1224 1352 a·
1238 1286 1380 1380 Diodori
1395 1285 1524 1352 Athana
1543 1287 1615 1353 sine
1636 1305 1757 1353 caussa

206 1457 213 1466 ,
241 1389 294 1458 fes
316 1393 420 1457 ducat.
467 1391 571 1458 licius
592 1391 678 1457 enim
705 1391 780 1474 ipsa
800 1389 940 1455 nominis
960 1391 1101 1456 venetas
1122 1387 1219 1476 quam
1245 1389 1324 1454 nilril
1350 1391 1503 1475 impediat
1524 1391 1693 1478 quominus
1714 1391 1756 1456 de

242 1496 358 1562 ecdem
373 1494 503 1560 homine
525 1495 683 1581 cogitetur
698 1493 805 1560 sciunt
825 1493 880 1579 qui
900 1504 1017 1560 nonant
1037 1515 1160 1560 morem
1177 1495 1387 1574 Graecorum,
1410 1496 1535 1580 qrribus,
1555 1506 1591 1560 ut
1611 1494 1756 1581 sagacis·

242 1600 344 1666 sinam
375 1599 570 1686 antiquitatis
598 1597 785 1682 speculator
813 1597 874 1675 ait,
904 1595 979 1662 Chr.
993 1596 1078 1682 Aug.
1097 1595 1292 1676 Loheclrius,
1318 1595 1485 1682 Patholog.
1502 1619 1534 1682 p.
1550 1599 1623 1664 204.
1651 1597 1758 1678 „hanc
1876 1663 1881 1680 ,
1949 1551 1956 1559 ¹

242 1702 403 1777 licentiam
431 1703 630 1774 cansacmdo
654 1701 742 1766 dedit
767 1710 802 1766 ut
823 1699 988 1767 nominum
1015 1702 1219 1785 propriorum
1246 1701 1486 1767 terminationes
1509 1701 1756 1788 susquedeque

187 1937 191 1948 ·
242 1803 443 1974 ¹¹wehehmrle
463 1906 569 1974 forma
585 1906 749 1976 Diodorou
766 1904 913 1983 Ἀθάνας
933 1929 1031 1995 quum
1050 1907 1140 1974 nulla
1160 1927 1300 1995 unquam
1319 1905 1414 1974 fuerit
1428 1907 1590 1988 dubitatio,
1612 1908 1656 1973 ita
1677 1908 1757 1974 scri·

243 2014 322 2078 bore
349 2012 413 2078 nos
438 2029 566 2098 qnoque
592 2012 780 2078 maluimus.
816 2031 1013 2097 quanqam,
1044 2031 1128 2097 quaa
1155 2015 1240 2096 apud
1265 2011 1470 2078 Plutarchum
1498 1999 1530 2077 et
1555 2010 1758 2078 Athenaeum

242 2115 362 2201 legitur
381 2115 484 2182 altera
509 2117 679 2200 scriptoris
706 2116 809 2182 nostri
828 2115 1021 2200 appellatio,
1051 2133 1112 2180 suo
1134 2115 1208 2182 loco
1228 2130 1293 2182 non
1315 2116 1469 2200 pelletur,
1496 2113 1562 2181 nisi
1582 2116 1655 2201 quis
1675 2115 1759 2182 ultra

242 2218 343 2284 libros
361 2237 481 2305 sapere
495 2239 568 2285 omn
582 2219 778 2286 Boettchcro
797 2237 897 2286 ausus
912 2217 982 2284 erit.
1024 2220 1108 2284 Nam
1124 2221 1211 2302 apud
1220 2219 1423 2286 Athenaeum
1438 2237 1544 2304 neque
1560 2218 1758 2306 aSchrreig·

242 2321 404 2390 hacuseru
420 2321 525 2410 neque
545 2344 568 2389 a
583 2323 751 2390 Dindcrfic
772 2322 838 2388 ulla
857 2330 1006 2388 euctatur
1026 2321 1206 2406 scripturae
1223 2324 1380 2398 venetas:
1399 2325 1442 2388 de
1458 2321 1631 2390 Plutarcho
1651 2335 1758 2388 autem
1869 2329 1874 2340 ’

244 2436 318 2510 pest
340 2426 595 2513 Wesselingium
617 2429 659 2494 ad
680 2427 778 2508 Diod.
795 2428 866 2494 XV.
884 2428 936 2494 04.
959 2447 991 2492 n.
1005 2427 1058 2492 54.
1080 2427 1236 2492 certiores
1257 2447 1320 2492 nos
1343 2425 1421 2492 lacit
1439 2426 1575 2494 lleldius
1588 2429 1705 2494 Adnot.
1725 2428 1758 2494 iu

242 2529 297 2594 rit
313 2530 503 2598 Timoleont
526 2551 557 2614 p.
567 2531 648 2596 tana
675 2529 799 2612 „com
814 2525 1095 2607 ornnes”Adcmo,⁸
1115 2530 1221 2596 Anon.
1242 2531 1344 2612 (teste
1359 2529 1525 2616 Xylandro
1546 2541 1640 2597 vetus
1659 2533 1757 2597 inter·-

244 2627 511 2719 pres)'Aila‘vpr,·
537 2631 631 2700 vute.
644 2630 806 2714 Ἄθωνιςς
828 2633 947 2700 Antan.
962 2631 1090 2698 Tadert
1109 2633 1142 2698 in
1163 2633 1331 2702 versione:
1353 2632 1531 2701 Uthanes.“
1574 2633 1758 2700 Secundum

243 2735 327 2804 haec
348 2757 445 2823 quum
462 2739 549 2822 apud
565 2737 772 2806 Plutarchum
792 2755 920 2823 quoque
940 2746 1030 2803 recte
1051 2737 1137 2824 typis
1154 2739 1296 2803 exscribi
1315 2738 1471 2821 rideatur,
1493 2739 1579 2825 quod
1600 2746 1635 2802 et
1653 2737 1757 2822 ipsius

244 2835 377 2906 codices
401 2851 529 2906 tuentur
555 2853 587 2906 et
607 2839 767 2910 Athenaei
797 2840 869 2905 libri
891 2873 933 2890 -·
952 2836 1107 2914 Ἄθανιςι
1132 2851 1239 2905 tamen
1264 2839 1491 2906 Boettcherum
1517 2841 1600 2906 lovis
1628 2839 1712 2906 haec
1737 2861 1758 2906 a

244 2942 390 3008 Diodoro
414 2944 631 3029 discrepantia
651 2945 736 3010 adeo
757 2944 931 3010 commorit
949 2954 1001 3023 ut,
1030 2962 1128 3030 quam
1154 2943 1316 3010 scribendi
1343 2945 1498 3010 rationem
1520 2964 1593 3010 curn
1614 2945 1758 3012 Diodoro

243 3033 467 3112 candicantem
488 3083 529 3096 --
550 3048 697 3116 Athones
717 3065 778 3132 pro
794 3047 923 3114 Athana
945 3047 1052 3114 lanice
1068 3079 1110 3096 -·
1130 3058 1164 3112 et
1183 3047 1344 3133 Anonymi
1362 3047 1577 3133 dittographia
1596 3068 1759 3114 commen·
1866 3109 1876 3126 ,

241 3151 341 3216 dabat
361 3162 393 3217 et
414 3150 591 3238 Xylandro‚
614 3151 739 3236 opinor,
762 3162 893 3232 auctare
914 3150 1041 3216 litterati
1064 3149 1181 3216 venusti
1201 3183 1243 3196 --
1267 3151 1460 3231 Rodandos,
1487 3151 1642 3232 Vossius,
1664 3152 1757 3220 lilon-

242 3252 379 3339 gitorius
402 3287 440 3302 -
470 3273 532 3320 usu
558 3266 787 3339 susceperant,
821 3273 896 3320 eam
920 3265 955 3320 ut
979 3253 1074 3320 unice
1100 3273 1213 3320 reram
1240 3253 1294 3320 vel
1315 3251 1537 3322 Chaeronensi
1563 3257 1758 3322 servandam

241 3355 347 3426 fuisso
368 3379 434 3426 non
454 3359 635 3426 dubitanter
654 3357 936 3443 pronuntiaret,
937 3359 1032 3438 ,Nam
1054 3359 1140 3444 quod
1158 3357 1274 3446 vulgo,
1275 3359 1296 3394 ‘⁶
1317 3357 1375 3438 ait,
1400 3353 1520 3438 „etiarn
1540 3359 1581 3423 ah
1602 3357 1759 3456 Heldio‘)

243 3461 349 3526 editur
361 3457 513 3542 Adusta,
537 3483 580 3527 ex
600 3463 759 3541 laeana,
782 3481 878 3548 quern
897 3471 1029 3540 vocant,
1051 3459 1188 3527 ssurdsse
1210 3473 1357 3546 apertum
1377 3463 1516 3527 estf‘-
1545 3441 1759 3530 Boeneherna
1816 3517 1824 3533 .

243 3583 326 3648 ergo
348 3583 505 3632 summam
517 3561 793 3650 droparodeatcr
811 3565 962 3632 Graecae
985 3563 1165 3630 libertatern
1191 3564 1308 3632 linibus
1329 3565 1594 3630 circumscribere
1615 3576 1681 3630 tarn
1702 3585 1758 3630 an·

243 3667 349 3754 ςιιιιιιε
364 3666 492 3734 molitur
506 3680 543 3734 ιιι
557 3667 832 3754 spretaAthanaei
846 3679 879 3734 et
893 3635 1054 3734 Plutarchi
1066 3668 1212 3734 codicum
1228 3669 1415 3734 anctoritate
1431 3667 1464 3732 in
1479 3678 1592 3734 nostro
1606 3669 1757 3754 exemplo

242 3769 323 3836 nihri
342 3771 427 3838 aliud
448 3791 509 3836 usu
530 3772 663 3837 venisse
678 3771 903 3838 contendat
873 3771 935 3838 nrsi
955 3782 990 3836 ιιι
1009 3769 1134 3838 formae
1149 3770 1333 3839 Diodoreae
1354 3771 1460 3838 exitas
1475 3769 1646 3838 Doriensis
1662 3793 1759 3838 voca·

242 3873 286 3940 lis
308 3883 399 3959 tropa
414 3873 577 3940 leniretur.
619 3873 692 3940 Huc
712 3875 839 3940 accedit
855 3875 971 3961 quod'
962 3896 995 3942 tn
1014 3874 1070 3940 tali
1093 3897 1212 3941 caussa
1232 3875 1369 3941 itacismi
1388 3875 1492 3940 omnis
1514 3876 1577 3941 ista
1598 3875 1679 3940 ratio
1693 3887 1759 3942 tam

244 3987 369 4062 anceps
390 3989 446 4046 est
465 3988 498 4044 et
523 3977 646 4043 lubrica
666 3989 701 4042 ut
720 3977 906 4045 Luheckias
928 3999 1000 4044 earn
1027 3999 1068 4042 ne
1095 3978 1140 4044 iu
1157 3979 1222 4044 illis
1244 3979 1385 4086 quidem
1399 3977 1558 4062 exemplis
1582 3977 1757 4060 admiserit,

245 4101 330 4167 quae
349 4081 604 4148 temninatiouum
625 4105 654 4156 ις
677 4093 709 4146 et
729 4106 765 4169 ης
785 4083 817 4148 in
833 4082 1014 4148 nominihus
1029 4082 1167 4148 Graecis
1188 4055 1385 4148 creberrime
1404 4082 1572 4148 mixtarum
1588 4079 1759 4148 cumulavit

244 4183 414 4270 Pathclog
436 4207 467 4269 p.
484 4185 558 4252 504.
581 4207 612 4252 ιι.
628 4185 680 4252 30.
731 4185 797 4257 sea
820 4205 862 4252 na
883 4185 1014 4272 longius
1034 4185 1165 4250 abeam:
1192 4185 1341 4271 equidem
1363 4205 1429 4251 non
1451 4184 1558 4256 dubito
1578 4185 1656 4270 quin
1680 4183 1758 4252 Dic-

243 4289 345 4354 doms
371 4287 487 4352 dixerit
508 4283 674 4370 Ἀθάνας,
704 4287 895 4356 Plutarchus
921 4299 954 4354 et
979 4287 1166 4355 Athenaeus
1179 4283 1337 4369 Abante,
1371 4287 1637 4374 quemadmodum
1664 4287 1756 4354 Plato

294 4505 325 4584 ⁴)
351 4507 424 4568 Post
444 4506 526 4568 hunc
547 4509 635 4570 etiam
654 4527 671 4570 a
689 4507 785 4572 Carol.
801 4507 978 4584 Sinteniam,
1007 4511 1092 4573 auius
1114 4510 1152 4572 de
1169 4509 1317 4588 Anonymi
1339 4507 1515 4570 lectionibus
1537 4509 1677 4572 iudicium
1698 4508 1756 4570 rid.

351 4595 382 4654 iu
403 4592 529 4656 Prasiai.
550 4594 587 4654 ad
608 4594 758 4672 Plutarchi
780 4599 842 4658 riti.
863 4597 1026 4676 parallelas.
1070 4596 1137 4658 Vol.
1154 4595 1177 4656 1.
1205 4595 1360 4676 pxxvt

1188 4695 1236 4762 l*
