4358 5288
974 520 1024 615 w

122 713 126 728 '
212 725 218 750 ¹
240 732 306 777 nou
328 723 392 776 tam
414 709 545 776 omuino
564 705 711 775 Athenas
732 707 826 794 qnid
850 708 1065 794 scripserit
1091 722 1123 775 et
1150 709 1241 796 quid
1263 711 1528 795 assumpserit
1557 732 1653 798 quam
1680 725 1759 778 tre·

240 815 366 880 decim
391 812 510 879 libris
539 812 631 900 quid
658 813 874 898 scripserit
902 823 936 878 et
962 811 1096 878 horum
1121 833 1197 878 uno
1229 815 1320 900 quid
1347 816 1612 900 assumpserit
1638 818 1760 901 opponi

242 917 303 984 sihi
324 928 512 983 statumnus.
566 907 672 992 Qirum
693 917 779 982 enim
800 915 949 1003 Dionysii
968 916 1161 1002 posterioris
1186 917 1332 1004 tyrannis
1354 918 1444 1003 prior
1463 929 1537 983 ante
1558 919 1609 985 01.
1624 919 1706 986 CVl.
1722 921 1760 986 ιι

214 1073 221 1081 ,
242 1042 273 1087 a.
286 1019 366 1088 Chr.
384 1043 418 1087 ιι.
436 1021 503 1088 355
524 1019 683 1086 exstincta
703 1041 744 1086 ac
765 1019 871 1085 deleta
894 1040 960 1084 aec.
977 1023 1070 1086 esset
1089 1018 1160 1086 fere
1176 1042 1240 1086 uec
1260 1031 1440 1105 putaretur:
1463 1020 1640 1102 Diodorus,
1662 1024 1760 1110 siqni-

239 1127 317 1191 dem
329 1122 487 1205 Athenas,
508 1124 696 1209 priusquam
711 1125 754 1190 ad
773 1123 888 1190 Dionis
902 1123 1100 1208 reipublicae
1121 1125 1379 1208 procurationem
1402 1127 1585 1206 accederet,
1604 1127 1759 1210 temporis

240 1228 433 1315 Dionysiaui
453 1229 538 1313 quod
554 1225 707 1293 Philistus
726 1229 871 1292 nondum
889 1227 1039 1313 attigerat
1058 1228 1293 1312 septuennium,
1312 1230 1406 1313 operi
1426 1251 1486 1294 suo
1507 1242 1759 1314 praestruxerat,

239 1331 305 1400 hoc
318 1331 443 1398 alienae
457 1329 587 1396 ditionis
601 1333 686 1416 apud
700 1351 810 1396 reram
822 1323 1021 1397 Dioneamm
1036 1332 1227 1416 scriptorem
1242 1333 1367 1399 videtur
1381 1333 1465 1400 adeo
1479 1332 1633 1400 habuisse
1647 1346 1760 1399 utnon

238 1437 304 1502 iam
328 1436 419 1522 quid
440 1434 710 1521 assumpserit
732 1435 794 1500 sed
823 1435 863 1501 id
884 1437 1075 1521 quomodo
1098 1435 1323 1521 explicandum
1344 1437 1406 1504 sibi
1427 1438 1584 1510 duceret.
1612 1438 1761 1517 „Escri-

238 1553 365 1626 ptorom
382 1549 489 1604 autem
503 1559 638 1605 nurnero
654 1537 802 1605 Athamas
815 1537 1043 1625 Syracusanus
1057 1560 1156 1605 orsus
1170 1561 1227 1606 res
1241 1539 1356 1607 Dionis
1371 1541 1413 1606 ab
1428 1540 1479 1606 Ol.
1492 1539 1574 1607 otv.
1587 1542 1624 1607 3:
1646 1539 1759 1606 aGhr.

239 1665 271 1710 ιι.
287 1643 350 1710 362
373 1642 505 1726 scripsit
525 1641 627 1708 libros
647 1643 820 1722 medecim,
848 1639 939 1726 [irinc
959 1654 1067 1708 autern
1089 1643 1226 1709 ordienti
1247 1645 1333 1730 quod
1354 1647 1585 1710 assumendum
1606 1642 1691 1729 erat]
1710 1645 1759 1710 in·

240 1747 395 1833 scriptum
417 1757 544 1831 septem
565 1767 722 1812 amtorem
742 1757 871 1831 tempu-s
898 1767 920 1811 a
939 1745 1064 1812 Philisti
1089 1765 1191 1830 opere
1216 1748 1394 1832 assumpsit
1413 1769 1478 1813 uno
1499 1748 1597 1820 libro:
1627 1759 1660 1814 et
1686 1770 1759 1833 per·

238 1863 372 1917 secutus
391 1869 448 1916 res
469 1849 650 1916 summatim
669 1849 854 1916 continuam
874 1848 952 1916 fecit
972 1849 1173 1916 historiam.“

322 1952 473 2023 xvll.
516 1953 575 2020 llis
590 1955 748 2039 expositis
767 1975 863 2040 quum
880 1953 1072 2040 explicatius
1088 1953 1218 2033 unietur
1234 1955 1275 2020 de
1292 1954 1397 2038 primo
1409 1952 1556 2021 Athauae
1573 1953 1655 2020 libro
1670 1955 1758 2021 testi·

238 2057 380 2123 monium
401 2079 474 2123 cnm
489 2057 613 2126 Retteri
628 2057 797 2145 Heldiique
820 2057 979 2126 sententia
995 2057 1114 2142 optime
1131 2057 1306 2124 convenire
1324 2068 1447 2142 patent:
1468 2059 1533 2122 iam
1554 2057 1610 2123 illa
1630 2059 1758 2144 quidem
1863 2125 1869 2136 ,

239 2181 319 2245 prae
340 2161 509 2250 lleyuiana
534 2173 568 2228 et
589 2162 839 2229 Boettcheriaua
858 2163 1011 2247 opinione
1038 2161 1083 2227 ita
1103 2181 1141 2226 se
1163 2172 1196 2225 et
1217 2162 1421 2245 simplicitate
1443 2174 1476 2227 et
1497 2159 1649 2229 facilitate
1670 2184 1759 2228 com·

238 2266 370 2330 mandat
389 2277 424 2330 ut
444 2287 510 2331 non
530 2265 662 2332 ιιιιιιιιιιιι
684 2267 715 2332 ei
735 2264 806 2332 lore
828 2267 870 2330 ah
891 2264 1051 2332 Athenaei
1071 2263 1145 2330 loco
1167 2265 1303 2350 periculi
1324 2266 1572 2352 rideatur‚'quo
1589 2265 1758 2334 Athanidis

237 2367 359 2434 librum¹
374 2369 511 2453 primurn
531 2371 573 2436 de
593 2370 693 2436 rebus
714 2369 863 2456 Dionysii
889 2369 1008 2454 prioris
1037 2369 1070 2434 in
1093 2370 1234 2436 medium
1261 2370 1422 2455 prolatum
1444 2367 1576 2436 scimus.
1624 2371 1675 2436 Ex
1694 2370 1759 2437 hoo

239 2473 324 2538 enim
350 2471 454 2538 frusto
481 2472 535 2563 rel
562 2475 667 2557 potius
693 2471 831 2540 frustulo
860 2494 997 2558 prorsus
1022 2472 1102 2538 nihil
1122 2493 1186 2559 ego
1217 2472 1433 2558 colligendum
1462 2471 1619 2539 existimo.
1674 2475 1757 2550 Quid

239 2575 363 2642 scilicet
376 2578 418 2642 de
435 2575 594 2663 Dionysio
609 2577 717 2662 priore
734 2575 834 2644 refert
849 2578 934 2662 apud
950 2575 1152 2642 Athenaeum
1165 2563 1327 2643 A'thanis‘l
1370 2575 1591 2660 Ampullarum
1613 2576 1757 2656 istamm,

239 2701 321 2766 quas
337 2691 466 2765 poetam
486 2681 612 2767 regium
628 2680 809 2766 proiecisse
826 2691 962 2761 constat,
981 2701 1085 2765 pauca
1102 2680 1262 2766 quaedam
1277 2681 1465 2770 specimina.
1480 2713 1522 2728 ·-
1545 2679 1636 2746 Talia
1651 2693 1757 2747 autem
1840 2697 1842 2702 ’

239 2803 300 2868 per
319 2783 558 2870 digressionem
577 2783 704 2849 namuri
726 2785 871 2870 potuisse
893 2785 934 2849 de
964 2795 1070 2869 patre,
1098 2783 1151 2848 ubi
1181 2783 1313 2868 proprie
1334 2795 1486 2870 ageretur
1509 2784 1551 2850 de
1576 2783 1657 2851 filio:
1685 2787 1767 2872 quis.

237 2898 337 2973 neget
357 2888 547 2971 praesertim
569 2888 602 2953 iu
623 2909 740 2974 opere,
762 2889 854 2954 cuius
876 2900 1006 2954 ceteras
1027 2887 1155 2953 habitus
1176 2887 1344 2974 ignoratur
1364 2887 1474 2953 totus‘l

322 2989 500 3060 xvnl.
543 2991 611 3058 Sed
631 2990 715 3058 haec
736 2993 863 3078 quidem
883 2990 1056 3057 hactenus:
1081 3013 1167 3057 nnnc
1186 2993 1229 3056 ad
1250 2992 1361 3076 operis
1379 2989 1517 3058 Athanei
1539 3003 1663 3077 partem
1684 2991 1757 3068 reli·

237 3113 336 3180 quam
357 3095 540 3175 veniamus,
568 3095 659 3162 cuius
681 3108 714 3161 ut
739 3096 882 3182 Heynins
906 3105 939 3160 et
958 3094 1173 3162 Boettcherus
1194 3094 1245 3161 01.
1262 3093 1344 3170 ΟΝ.
1361 3095 1399 3162 3ι
1425 3115 1455 3160 a.
1470 3093 1545 3161 Chr.
1562 3116 1592 3161 n.
1616 3095 1680 3162 362
1699 3095 1757 3160 iui-

228 3197 315 3263 eum
334 3196 482 3282 fecerunt
502 3199 546 3264 ita
565 3219 627 3264 nos
649 3199 700 3264 Οι.
722 3198 804 3266 CVl.
823 3199 861 3263 nr
882 3219 912 3264 a.
924 3196 1000 3264 Chr.
1011 3221 1042 3264 ιι.
1061 3197 1125 3264 355
1144 3196 1291 3264 facimus.
1336 3198 1511 3265 Praeterea
1531 3197 1609 3263 illrrd
1630 3219 1757 3286 quoqne
1779 3203 1781 3212 ’

237 3319 280 3366 ex
295 3301 425 3368 diversa
440 3293 613 3367 verborum
631 3301 866 3367 Diodoraorum
882 3302 1143 3395 interpretatione
1157 3303 1303 3388 sequitur
1317 3312 1361 3382 ut,
1385 3324 1482 3388 qurum
1499 3311 1629 3386 praeter
1645 3303 1756 3386 operis

238 3402 382 3470 Philistei
412 3404 669 3490 supplementum
697 3416 729 3470 et
755 3407 796 3470 ah
818 3405 944 3490 Heynio
966 3416 998 3472 et
1021 3427 1042 3470 a
1057 3404 1252 3472 Boettchcro
1271 3405 1422 3471 Athenae
1443 3407 1557 3471 decem
1579 3417 1611 3470 et
1631 3407 1756 3488 tres”)

237 3519 445 3582 numerentur
463 3507 547 3588 libri,
568 3531 630 3574 uos
650 3513 690 3576 ad
710 3509 841 3575 totidem
862 3509 962 3576 libros
979 3531 1064 3594 opus
1079 3509 1264 3576 uuiversum
1279 3509 1482 3596 redigamus:
1503 3511 1547 3575 ita
1560 3520 1596 3573 ut
1607 3507 1754 3576 Athenae

237 3632 358 3695 corpus
378 3612 482 3678 maius
505 3635 547 3680 ex
567 3614 737 3680 duodecim
757 3623 880 3680 tantum
901 3613 991 3679 libris
1015 3612 1201 3680 constitisse
1222 3630 1417 3698 persuasum
1441 3611 1629 3678 habeamus.

322 3716 390 3778 lam
415 3714 479 3780 hoc
500 3737 597 3782 unum
620 3729 722 3784 restat
748 3729 781 3783 ut
804 3739 863 3802 per
884 3737 967 3803 quae
988 3729 1136 3801 temporo
1156 3728 1189 3782 et
1211 3737 1306 3801 quem
1332 3717 1374 3781 ad
1399 3715 1494 3782 linem
1520 3717 1690 3782 duodecim
1710 3717 1755 3783 illi

235 3817 309 3882 libri
331 3819 458 3884 deducti
479 3817 596 3884 srrcrint
616 3820 760 3886 indicare
780 3821 1051 3906 experiamur&
1037 3823 1120 3886 Nam
1144 3822 1231 3906 qnod
1252 3841 1325 3886 eam
1345 3831 1470 3904 partem
1489 3820 1634 3905 Heynins
1654 3822 1754 3886 rebus

237 3919 403 3987 Dioneis
394 3933 436 3986 ιιι
458 3923 596 3988 dicatam
614 3921 717 3990 fuisse
736 3935 826 4009 putot
847 3934 881 3988 ιιι
898 3935 1043 3990 extrema
1063 3924 1123 3988 virr
1115 3922 1206 3989 fata
1220 3923 1263 3990 01
1283 3923 1365 3990 (Νι.
1382 3925 1419 3991 3:
1441 3946 1469 3988 a
1483 3922 1563 3990 Chr.
1573 3947 1604 3989 u.
1620 3922 1686 3992 354
1701 3925 1755 3989 vol

236 4047 259 4107 p
252 4025 482 4118 Qec)
503 4025 650 4094 Athones
671 4048 735 4092 non
753 4029 978 4114 egrederetur.
1001 4028 1072 4094 siue
1094 4029 1190 4094 dubio
1211 4027 1265 4092 ille
1289 4027 1428 4113 quidem,
1450 4028 1533 4093 ubi
1524 4049 1554 4094 rs
1575 4030 1660 4112 apud
1677 4026 1754 4093 Dio-

273 4185 376 4260 ²⁹)ln
399 4203 506 4263 magua
528 4149 724 4248 inconstantia
749 4193 906 4250 uersentur
926 4145 1044 4250 litterali
1068 4189 1186 4268 velusti'.
1235 4185 1432 4265 Mongitorius
1454 4189 1632 4249 Bonaunum
1655 4205 1755 4269 repre·

342 4272 445 4332 hendit
467 4275 546 4351 quod
573 4273 782 4336 librosXXlll
806 4277 953 4354 posuerit,
981 4275 1091 4336 Heium
1113 4292 1185 4334 vero
1209 4275 1240 4334 in
1271 4274 1339 4336 trist
1362 4294 1409 4336 au.
1432 4275 1535 4336 mundi
1558 4271 1651 4334 3589.
1675 4277 1754 4355 quod

341 4357 465 4420 xxtfl.
510 4359 578 4438 lpse
599 4365 699 4421 autem
713 4361 860 4422 Atlrauam
878 4380 939 4422 uon
954 4361 1026 4423 xtlt
1041 4366 1092 4422 aut
1104 4359 1176 4421 xiv
1192 4359 1284 4421 libros
1305 4363 1460 4440 scripsisse
1482 4364 1522 4422 ait
1544 4361 1597 4420 sed
1612 4361 1753 4422 xxxin.

272 4459 469 4534 ⁸⁰tilbertus
487 4465 566 4524 enim
589 4466 620 4524 iu
638 4460 811 4528 Σικελιῶνι
830 4483 931 4543 suop.
953 4463 1045 4525 ιιι-
1059 4461 1109 4525 33.
1133 4458 1258 4547 Ko‘pstu
1278 4463 1478 4544 Syracusana,
1502 4464 1610 4543 quihus
1625 4465 1753 4526 Diouem

342 4549 519 4612 trucidatum
538 4554 653 4612 constal
671 4543 1004 4634 (marmoream),
1026 4555 1265 4613 nonauctumuo
1283 4551 1431 4613 celebrata
1451 4569 1520 4612 osse
1537 4551 1640 4624 docet,
1658 4552 1756 4612 Attico

1180 4651 1229 4720 3.

1703 3867 2100 4031 deth.

1859 4067 1937 4088 *uum
