4358 5288
994 534 1042 630 lh

253 726 298 796 G.
313 728 431 814 Georg.
446 724 691 792 Boehuechium
706 759 746 771 -
769 723 860 791 Beni.
872 723 1119 792 Gumweisk.
1150 723 1201 792 De
1218 723 1398 811 hyperbole
1419 747 1565 792 errormn
1584 727 1618 794 in
1640 725 1774 793 historia

254 827 397 916 Philippi
419 830 575 918 genitrice
592 829 628 896 P.
640 830 692 896 lll.
709 851 741 914 p.
755 829 805 925 10.
819 851 852 894 n.
861 830 891 894 7.
907 852 940 913 p.
954 830 1003 896 19.
1026 827 1146 911 ο.14)ι
1168 827 1336 898 Philistum
1350 830 1583 916 Leptinemque
1604 851 1668 917 qno
1690 851 1775 896 anno

256 935 294 1002 in
314 934 447 1020 patriam
470 935 634 1014 reductos,
659 934 773 999 eodem
795 932 871 1000 item
893 931 1015 998 exsilio'
1032 932 1167 998 affectos
1188 933 1314 998 videtur
1335 934 1497 1002 rebrlisse.
1539 936 1589 1000 Ao
1606 934 1776 1018 Leptiuem
1817 935 1837 1002 ,’

254 1039 403 1125 quidem,
428 1049 463 1103 nt
483 1037 537 1124 qui
557 1038 808 1103 recrudescente
830 1035 915 1100 hello
937 1035 1059 1102 Punico
1081 1036 1124 1103 01
1135 1035 1259 1106 xcix.
1276 1039 1314 1102 2:
1336 1059 1366 1103 o.
1380 1036 1499 1104 Ὀλυμ.
1512 1035 1576 1104 383
1597 1037 1629 1101 in
1650 1031 1787 1120 proelio·

254 1144 301 1208 ad
322 1141 475 1210 Genium
497 1142 672 1208 commisso
698 1143 830 1206 caderet
851 1138 963 1218 (Diod.
978 1139 1050 1205 XV.
1068 1141 1120 1204 17.
1146 1139 1211 1205 init.
1241 1139 1423 1206 Aeliom‘V.
1439 1142 1479 1208 ll.
1494 1141 1574 1207 Xlll.
1589 1141 1642 1206 to.
1672 1142 1775 1224 lntpp.

259 1243 342 1313 Plut.
356 1249 398 1312 de
410 1245 503 1313 Alex.
524 1269 551 1312 s.
563 1244 635 1312 virt.
649 1267 676 1310 s.
692 1243 764 1310 sort.
786 1246 842 1311 Or.
857 1246 892 1308 ΙΙ.
907 1244 938 1308 5.
960 1265 992 1326 p.
1005 1243 1079 1310 738.
1110 1244 1148 1310 B.
1165 1245 1223 1310 Ed.
1240 1255 1370 1310 sterent
1392 1244 1430 1310 Τ.
1442 1245 1480 1310 11.
1496 1265 1527 1328 p.
1541 1245 1622 1327 tll)
1639 1265 1675 1309 re
1696 1263 1775 1308 vera

255 1351 348 1416 circa
368 1349 445 1416 illud
460 1361 588 1435 tempus
603 1350 735 1414 domum
752 1357 937 1412 revocatum
954 1355 1080 1428 putem3
1104 1349 1144 1412 de
1156 1347 1280 1413 Philisti
1295 1359 1402 1414 antem
1418 1349 1523 1413 reditu
1538 1350 1580 1414 ad
1597 1347 1691 1414 Diod.
1703 1347 1774 1412 XV.
1869 1397 1872 1408 .

257 1457 291 1519 7.
313 1477 345 1520 n.
362 1454 411 1521 18.
432 1453 496 1519 iam
512 1452 752 1538 Wesselingins
773 1450 934 1516 dubitavit
982 1450 1065 1514 Nam
1088 1450 1222 1516 Diodori
1242 1452 1459 1519 testimoninm
1481 1463 1593 1518 contra
1615 1449 1775 1517 Plutarchi
1792 1541 1795 1548 Ι

132 1604 135 1614 ·
256 1570 293 1624 et
315 1557 409 1624 Corn.
423 1557 562 1641 Nepotis
582 1556 789 1640 auctoritates
811 1576 851 1618 eo
872 1554 978 1618 minus
1000 1553 1095 1618 stabit
1118 1575 1181 1638 quo
1202 1553 1376 1640 proclivior
1395 1569 1475 1635 erat,
1497 1555 1561 1621 levi
1586 1556 1775 1639 praesertim

258 1661 426 1746 scriptori,
452 1681 546 1726 error
567 1671 601 1725 ut
622 1680 705 1746 quos
727 1657 822 1724 simul
843 1680 862 1724 e
886 1657 1012 1724 civitate
1040 1655 1172 1740 pulsos,
1201 1660 1335 1724 eosdem
1365 1659 1557 1724 simulasse
1585 1661 1617 1723 in
1642 1659 1775 1742 patriam

256 1766 412 1830 reductos
434 1764 600 1829 scriberet
644 1763 805 1839 Quocirca
819 1762 970 1848 quamdin
983 1761 1137 1842 Leptines
1153 1761 1332 1842 exsulabat,
1355 1761 1507 1829 Philistus
1525 1761 1691 1828 habitasse
1711 1783 1776 1826 una

258 1887 334 1933 cum
360 1889 401 1933 eo
428 1867 569 1946 videtin,
589 1877 630 1932 ut
650 1866 815 1933 Diodorus
839 1865 907 1947 ait,¹
930 1861 1132 1945 lhnriis²¹):
1160 1887 1224 1951 qua
1251 1866 1284 1931 in
1310 1867 1391 1931 urbe
1418 1868 1533 1932 domus
1559 1864 1664 1932 fuisse
1692 1887 1774 1952 quae

256 1969 438 2056 hospitibus
452 1971 668 2058 Syracusanis
690 1980 837 2054 paterent
856 1967 1040 2054 neutiquam
1063 1979 1115 2034 est
1135 1990 1193 2032 cur
1217 1968 1398 2035 diffidamus
1420 1969 1585 2060 (Schiller.
1611 1969 1663 2034 De
1685 1970 1774 2035 rehb.

257 2073 450 2140 Thuriornm
472 2097 501 2160 p.
513 2074 582 2156 35).
621 2074 839 2159 Posteaquam
859 2084 966 2138 antem
980 2072 1136 2157 Leptines
1150 2073 1334 2158 Syracusas
1347 2075 1451 2154 rediit,
1473 2072 1628 2139 Philistus
1642 2073 1774 2139 relictus

258 2179 292 2244 in
315 2178 429 2253 exsilio
451 2177 543 2244 solus
564 2179 677 2244 sedem
699 2197 739 2241 ao
753 2175 946 2242 domicilium
968 2176 1103 2241 subinde
1119 2185 1263 2243 mutasse
1284 2177 1420 2242 videtur.
1461 2179 1546 2244 Nam
1567 2190 1698 2261 praeter
1717 2177 1773 2242 ho-

258 2283 387 2367 spitium
402 2282 598 2348 Hadrianum
615 2279 805 2346 Plutarchus
819 2279 1011 2364 Epirnm²²)
1034 2301 1161 2365 quoquc
1182 2292 1341 2347 momorat
1361 2283 1402 2346 de
1425 2280 1517 2347 exsil.
1540 2302 1568 2344 c.
1587 2283 1636 2348 14.
1658 2281 1774 2364 μ.637.

258 2385 318 2452 Ed.
335 2397 464 2468 stereot.
478 2385 515 2450 Τ.
529 2385 581 2450 lV.
598 2407 630 2468 p.
643 2384 716 2452 133.
746 2383 838 2463 „Kal
860 2381 921 2468 reip
943 2390 1012 2456 τοϊς
1033 2381 1190 2472 παλαιοῖς
1206 2378 1268 2462 (ὥς
1284 2383 1407 2467 ἔοικεν)
1424 2381 1463 2448 αἱ
1475 2383 1617 2451 Μοῦσαι
1638 2383 1681 2447 τὰ
1697 2381 1772 2448 κάλ-

257 2485 356 2554 λιστοι
378 2492 446 2555 τῶν
470 2485 713 2572 συνταγμάτων
737 2493 793 2552 καὶ
817 2481 1029 2570 δοκιμώτατα
1051 2483 1158 2571 φυγὴν
1180 2485 1345 2571 λαβοῦσαι
1373 2485 1534 2572 συνεργὸν
1560 2487 1774 2555 ἐπετέλεσαν.

259 2592 461 2680 Θουκυδίδης
472 2589 646 2678 Ἀθηναῖος
668 2594 861 2680 συνέγραψε
882 2589 943 2656 τὸν
963 2585 1113 2674 πόλεμον
1134 2592 1203 2657 τῶν
1213 2592 1495 2678 Πελοποννησίων
1514 2599 1570 2656 καί
1586 2588 1773 2677 Ἀθηναίων

257 2695 296 2763 ἐν
307 2692 420 2788 Θράκῃ
435 2703 513 2784 περὶ
526 2693 586 2780 τὴν
601 2692 762 2781 Σκαπτὴν
782 2691 876 2778 ὕλην·
900 2694 1066 2780 Ξενοφῶν
1081 2692 1119 2760 ἐν
1134 2694 1328 2761 Σκιλλοῦντι
1344 2699 1399 2782 τῆς
1411 2692 1556 2769 Ἠλείας·
1578 2696 1773 2769 Φίλιστος
1812 2704 1818 2712 “

258 2799 304 2866 ἐν
319 2795 490 2887 Ἠπείρῳ
512 2823 540 2865 ιι.
556 2824 585 2863 τ.
600 2799 662 2863 λ.“
674 2835 716 2845 -
743 2800 864 2883 Neque.
874 2799 1024 2882 unquam·
1036 2782 1144 2864 tamen
1160 2797 1293 2864 Philisto
1309 2797 1412 2864 fnisse
1434 2808 1488 2876 ant
1506 2798 1645 2862 studium
1666 2812 1772 2886 tyran-

225 2955 229 2966 ,
257 2902 341 2970 nidis
364 2903 522 2984 (Goeller.
537 2902 559 2967 l.
574 2924 602 2966 c.
623 2925 656 2986 p.
670 2903 742 2967 lat.
778 2902 936 2988 Kmeger.
951 2903 993 2966 ad
1007 2901 1143 2987 Dionys.
1158 2900 1260 2967 llalic.
1274 2901 1573 2988 llistoriographica
1592 2925 1624 2987 p.
1636 2903 1696 2986 47)
1718 2905 1773 2968 de'·

257 3007 397 3091 positum
419 3017 473 3072 aut
495 3027 587 3092 spem
609 3006 731 3071 reditus
753 3015 897 3088 ereptam
912 3013 961 3070 'ex
975 3005 1137 3070 Pausania
1158 3016 1293 3089 apparet
1307 3006 1330 3071 l.
1355 3027 1383 3070 c.
1400 3005 1449 3070 lt.
1467 3009 1494 3070 l.
1527 3003 1713 3093 ,,Διάφορα
1736 3005 1774 3072 δὲ·

257 3107 345 3194 ὅμως
373 3109 446 3176 ἐστὶ
471 3115 526 3174 καὶ
553 3111 680 3188 ταῦτα,
709 3103 752 3183 ὡς
768 3103 1000 3196 Ἶεράνυμος“
986 3134 1003 3174 o
1026 3107 1215 3196 Καρδιανὸς
1237 3109 1401 3198 ἔγραψεν·
1429 3104 1526 3192 ἀνδρὶ
1554 3107 1616 3194 γὰρ
1642 3109 1778 3193 βασιλεῖ
1898 3145 1909 3160 e

258 3210 404 3280 συνόντα
431 3209 555 3298 ἀνάγκη
577 3213 675 3277 πάσα
701 3211 734 3286 ἐς
755 3209 853 3297 χάριν
874 3208 1087 3297 συγγράφειν.
1122 3211 1223 3279 Ελδὲ
1209 3219 1303 3278 ἐκαὶ
1324 3214 1489 3287 Φίλιστος
1504 3213 1618 3280 αἰτίαν
1640 3213 1773 3279 δικαίαν

256 3315 405 3404 clippea,
426 3314 716 3392 ἐπελπίζων
676 3340 746 3402 την
767 3313 810 3382 ἐν
825 3311 1106 3399 Συρακούσαις
1123 3291 1306 3381 κάθοδον
1312 3311 1673 3440 ,άποκράφασθαι
1694 3319 1793 3400 τῶνΙ

259 3423 477 3485 Διονυσίου
499 3418 547 3484 τὰ
569 3416 849 3498 άνοσιάτατα,
871 3443 890 3504 η
912 3441 979 3483 που
1000 3415 1109 3505 πολλή
1130 3442 1166 3500 γε
1182 3415 1364 3506 Ἱερωνύμῳ
1387 3417 1559 3505 συγγνώμη
1580 3419 1623 3484 τὰ
1645 3419 1677 3494 ἐς
1699 3415 1773 3507 ἦδο-

259 3548 466 3562 —-———

293 3605 339 3680 ²¹)
362 3603 407 3663 lld
430 3621 520 3682 quam
541 3603 663 3683 quidem
687 3603 780 3664 ersilii
802 3607 974 3665 societatem
994 3606 1083 3665 etiam
1099 3604 1171 3666 illnd
1192 3604 1383 3666 referendum
1402 3605 1529 3679 videtur,
1552 3607 1631 3687 quod
1647 3606 1772 3669 Philisto

242 3726 246 3730 -
331 3691 476 3752 crimini
498 3691 548 3750 dat
568 3690 745 3752 Plutarchus
762 3691 867 3752 Timol.
887 3690 933 3753 15.
957 3691 1013 3753 sub
1035 3691 1086 3752 tin.
1120 3683 1244 3768 »Ὥστε
1267 3711 1324 3770 μοι
1345 3686 1595 3774 παραβάλλοντι
1616 3687 1771 3766 τούτοις“

363 3769 475 3857 (laudat
496 3778 575 3836 enim
591 3775 725 3856 Dionysii
743 3779 925 3855 posterioris,
948 3797 1039 3856 quum
1063 3737 1155 3855 regrlo
1176 3777 1317 3882 expulsus
1340 3774 1472 3840 Corinthi
1496 3781 1626 3856 degeret,
1652 3779 1771 3841 firmum
1840 3822 1844 3830 ·

363 3880 396 3923 ac
418 3867 603 3923 constantem
624 3855 766 3966 animum)
791 3859 851 3936 τὰς
872 3861 1034 3927 Φιλίστου
1056 3858 1188 3970 φωνᾶς,
1215 3857 1254 3935 ἃς
1276 3855 1395 3946 άφίησι
1417 3869 1496 3946 περὶ
1515 3863 1582 3928 τῶν
1600 3863 1771 3929 Λεπτίνοι

360 3947 555 4054 θυγατέρων
569 3941 863 4032 ὀλοφυράμενος,ε
842 3970 884 4021 ως
899 3945 934 4012 ἐκ
950 3942 1052 4030 μεγάλ
1049 3971 1105 4012 ,ιον
1122 3943 1265 4053 άγμὲλῶν
1281 3947 1350 4012 τῶν
1365 3971 1422 4054 της
1436 3974 1469 4014 τι
1471 3947 1632 4056 ραννιδος
1647 3949 1693 4021 εἰς
1714 3973 1771 4013 τα

362 4029 479 4135 πεινῆν
504 4027 697 4118 ἀφιγμένων
719 4031 870 4113 δίαιταν,
882 4035 1089 4137 φαίνεσθαι
1113 4029 1257 4118 θρήνους
1283 4055 1435 4114 γιναιιιος
1462 4031 1691 4118 ἀλαβάστρους
1716 4043 1771 4100 καὶ

235 4119 238 4128 ’
362 4113 536 4202 πορφύρας
559 4123 615 4182 καὶ
636 4123 788 4203 χρυσία
779 4083 960 4204 cotidiene.

291 4221 337 4298 ²¹)
360 4221 499 4284 Fortasse
520 4225 642 4286 Alcetae
664 4223 678 4284 l
697 4225 885 4303 Epirotamm
907 4228 969 4304 regi
993 4244 1029 4286 er
1051 4243 1088 4286 eo
1105 4230 1255 4304 tempore,
1278 4245 1338 4306 quo
1359 4227 1447 4288 domo
1469 4227 1595 4287 extorris
1616 4223 1771 4304 Syracusis

361 4309 483 4387 degerat
503 4303 601 4392 (Diod.
616 4309 684 4372 XV.
701 4310 748 4372 13.
764 4305 850 4394 init),
875 4317 962 4374 vetus
984 4313 1131 4392 quaedam
1151 4331 1220 4382 oum
1241 4312 1365 4375 Philisto
1385 4308 1570 4375 consuetudo
1592 4309 1770 4375 intercessit.

360 4395 449 4458 Hunc
470 4401 551 4458 certe
566 4396 731 4470 Molossum
752 4400 788 4460 ab
806 4400 950 4460 amicitiae
968 4399 1073 4460 officiis
1095 4417 1156 4459 non
1173 4399 1303 4462 alienum
1319 4400 1411 4460 luisse
1433 4401 1464 4460 in
1479 4399 1668 4461 Timotheum
1679 4401 1771 4462 Atha

359 4483 503 4630 gisengen}¹
523 4483 707 4632 ρμμολὲἑυυι
736 4489 831 4548 exstat
856 4487 1070 4550 documentum
1091 4485 1246 4548 Demosth.
1269 4505 1294 4548 c.
1312 4477 1441 4556 Timoth.
1458 4486 1508 4548 22.
1532 4505 1560 4566 p.
1581 4485 1671 4548 tino.
1694 4491 1770 4548 extr.

396 4613 404 4629 .
455 4588 513 4632 ιο.
590 4613 599 4630 .
659 4614 667 4630 .
