4358 5288
408 731 845 825 ·ιὶοταιο,,άρξασθαι,τῶν
866 737 958 816 περὶ
975 737 1109 799 Δίωνα
1130 730 1344 820 πράξεων“
1365 743 1523 812 narratur,
1548 731 1734 817 generalem
1756 733 1867 818 operis
1887 733 1932 800 iu-

416 841 624 924 scriptionem
639 835 883 922 deprehendere
901 836 962 902 sihi
976 837 1067 904 visus
1083 848 1144 904 est.
1180 839 1304 903 Verum
1318 837 1508 904 Athenaeus
1524 835 1545 904 l.
1559 857 1587 902 c.
1604 835 1746 903 efferens
1763 839 1823 904 suh
1835 836 1933 920 Athe·

379 959 382 973 ⁴
416 944 500 1010 nidis
521 943 649 1008 nomine
665 939 833 1025 scriptoris
852 939 955 1005 nostri
973 938 1163 1006 Σικελικὰ
1185 941 1332 1026 corporis
1346 941 1491 1007 umiversi
1510 941 1539 1008 si
1555 937 1621 1006 riou
1638 962 1751 1008 verum
1772 951 1806 1006 ut
1820 940 1935 1008 saltem

417 1047 673 1114 verisimiliorem
701 1043 823 1108 titulum
847 1042 1041 1128 suppeditet.
1082 1043 1154 1110 Huc
1175 1045 1300 1109 accedit
1324 1046 1411 1130 quod
1432 1065 1452 1109 u
1473 1043 1646 1110 Plutarcho
1671 1045 1705 1110 iu
1726 1043 1936 1110 Timoleontis

415 1154 480 1218 vite
501 1151 552 1216 his
568 1147 706 1216 Athenis
727 1149 768 1212 de
789 1145 885 1212 huius
907 1145 967 1212 viri
989 1146 1089 1212 rebus
1110 1147 1204 1213 testis
1226 1149 1429 1232 producitur:
1451 1146 1554 1214 semel
1575 1149 1616 1214 de
1637 1146 1827 1231 nnmero³⁰)
1849 1147 1935 1214 colo·

413 1277 543 1334 porum,
573 1254 627 1339 qui
653 1263 729 1336 post
753 1261 922 1337 tyrannum
954 1249 1127 1334 expulsum
1154 1248 1326 1316 clarissimi
1347 1249 1501 1318 Corinthii
1525 1252 1631 1317 accitu
1651 1251 1835 1338 Symcuses
1859 1275 1936 1320 con·
1969 1329 1974 1344 .

414 1359 566 1425 fluxerint
593 1377 620 1422 c.
637 1355 688 1424 23.
706 1357 736 1422 5.
765 1351 870 1440 ,J'lldp
897 1354 933 1420 δὲ
961 1361 1017 1419 καὶ
1045 1355 1113 1419 τῶν
1141 1350 1332 1432 έξἿταλίας
1359 1361 1416 1420 καί
1438 1355 1591 1431 Σικελίας
1621 1355 1739 1422 πολλοὶ
1767 1361 1815 1444 τῷ
1841 1357 1937 1442 Τιμο-

415 1463 525 1528 λέοντι
546 1454 848 1543 συνεληλύθεισαν·
869 1463 925 1522 καὶ
945 1459 1133 1540 γενομένοις
1150 1455 1265 1532 αὐτοῖς
1281 1454 1521 1542 ἑξακισμυρίοις
1541 1458 1580 1524 τὸ
1596 1459 1738 1544 πλῆθος,
1760 1457 1804 1535 ὡς
1816 1458 1937 1528 ”Ada-

416 1589 478 1641 νις
504 1566 629 1650 rippas,
654 1560 714 1648 τὴν
744 1566 807 1645 μὲν
834 1556 948 1645 χάραν
976 1558 1140 1644 διένειμε,
1168 1559 1228 1637 τὰς
1256 1559 1293 1628 δὲ
1318 1561 1422 1636 ολιιίας
1447 1557 1595 1628 ἀπέδοτο
1621 1565 1736 1644 χιλίων
1761 1563 1938 1633 ταλάντων

416 1694 444 1735 τι
459 1694 488 1734 τ.
504 1668 532 1735 λ.
540 1670 577 1734 :“
599 1666 717 1732 deiude
740 1666 780 1730 de
802 1675 966 1749 tempore,
989 1683 1053 1748 qno
1074 1663 1244 1730 Timoleon
1265 1663 1431 1731 oerdorum
1448 1664 1625 1732 suffirsione
1645 1665 1795 1733 lehomre
1817 1687 1936 1754 coepe·

414 1775 472 1852 rit,
503 1793 531 1838 c.
548 1771 601 1838 37.
617 1771 649 1836 5.
686 1764 751 1848 „¹0
773 1767 809 1834 dt
832 1763 998 1840 Ἄθανις
1025 1765 1073 1832 ἔτι
1101 1771 1309 1844 συνεστῶτος
1335 1769 1395 1834 τοῦ
1422 1767 1506 1854 πρὸς
1526 1767 1681 1837 Ἵππωνα
1708 1773 1854 1854 πολέμου
1879 1779 1937 1837 ταί

416 1875 601 1962 Μάμερκον
624 1872 661 1939 έν
685 1870 839 1945 Μυλλαῖς
860 1869 918 1936 ἐπί
942 1868 1172 1953 στρατοπέδου
1195 1877 1299 1957 φησὶν
1319 1867 1624 1958 ἀπογλαυκωθῆναι
1644 1873 1706 1960 τὴν
1726 1871 1811 1964 ὄψιν
1832 1871 1936 1942 αὐτοῦ

309 2019 313 2034 ·
416 1987 471 2050 ecci
493 1983 581 2044 πᾶσι
602 1973 756 2063 φανερὰν
776 1975 938 2055 γενέσθαι
959 1969 1020 2059 τὴν
1040 1969 1210 2059 πήρωσιν,
1239 1969 1278 2040 ori
1302 1967 1368 2060 μῆν
1389 1971 1778 2062 &noctemnoctem
1800 1982 1856 2064 τῆς
1877 2004 1936 2046 πο-

332 2139 334 2144 ,
416 2084 573 2171 λιορκίας,
595 2076 671 2146 ἀλλ’
695 2077 900 2162 ἐμμείναντα
925 2077 971 2164 τῷ
998 2076 1134 2163 πολέμῳ
1155 2077 1270 2162 λαβεῖν
1290 2077 1367 2154 τοὺς
1392 2075 1589 2174 τυράννους·
1619 2075 1662 2155 ὡς
1684 2079 1720 2146 dt
1741 2081 1936 2169 ἐπανῆλθεν

417 2189 463 2262 εἰς
486 2180 702 2271 Συρακούσας
730 2177 833 2256 εὐθὺς
859 2176 1061 2246 ἀποθέσθαι
1088 2178 1150 2265 τὴν
1171 2187 1358 2266 μοναρχίαν
1383 2189 1441 2248 καί
1468 2186 1713 2270 παραιτεῖσθαι
1738 2183 1814 2260 τοὺς
1841 2187 1934 2252 πολί-

416 2313 490 2368 τας,
513 2291 581 2354 τῶν
609 2281 814 2371 πραγμάτων
836 2283 882 2357 εἰς
901 2281 938 2348 ri
966 2279 1145 2349 κάλλιστον
1167 2279 1312 2369 ἡκόντων
1333 2285 1463 2360 τέλος.“
1485 2317 1527 2332 -
1563 2287 1655 2362 Quae
1677 2309 1773 2373 quum
1798 2289 1843 2354 ite
1863 2290 1937 2369 sint,

416 2391 631 2460 Boettcherus
653 2390 674 2456 l.
692 2411 720 2456 c.
743 2385 903 2455 Athonem
931 2406 1040 2452 rerum
1068 2386 1427 2454 Timoleonteerum
1454 2389 1646 2473 scriptorem
1676 2391 1844 2482 appellere
1871 2413 1937 2458 non

418 2499 554 2572 dubitut3
580 2493 715 2566 Heldius
740 2489 940 2558 cunctantius
968 2488 1094 2555 locutus
1121 2489 1247 2556 videtur
1273 2511 1360 2556 esse.
1407 2493 1523 2578 Neque
1545 2513 1608 2577 ego
1633 2513 1712 2558 sene
1738 2495 1768 2560 is
1790 2517 1862 2560 sum
1883 2497 1939 2582 qui

418 2602 459 2666 de
483 2599 600 2664 talibus
627 2596 757 2662 nimium
785 2605 937 2678 praestet.
986 2594 1030 2660 At
1050 2614 1129 2659 vero
1154 2614 1251 2679 quum
1271 2593 1432 2660 Athonem
1455 2615 1493 2662 se
1520 2597 1562 2662 ed
1585 2595 1709 2662 Philisti
1730 2619 1814 2682 opus
1836 2599 1937 2684 sppli-

419 2705 549 2770 cuvisse
572 2699 694 2766 clerum
717 2699 775 2778 sit,
795 2717 836 2763 ec
856 2710 1083 2783 eutempquue
1104 2699 1147 2762 de
1162 2697 1361 2763 Timoleonte
1377 2696 1514 2765 Athenis
1532 2699 1743 2788 Plutercheus
1761 2706 1939 2770 memoriae

417 2807 572 2892 prodidit,
600 2814 730 2868 nemeto
755 2801 788 2866 in
815 2810 1003 2866 transcursu
1029 2799 1129 2864 multo
1154 2800 1261 2866 minus
1285 2802 1374 2866 credi
1400 2815 1537 2886 possunt
1563 2824 1659 2888 quom
1686 2807 1838 2889 queo'de
1859 2805 1938 2873 Dio-

418 2910 514 2997 nysio
536 2908 644 2991 priore
666 2905 751 2970 idem
771 2913 884 2970 auctor
903 2905 988 2988 apud
1009 2902 1227 2970 Athenaeum:
1253 2902 1339 2971 haud
1360 2905 1501 2972 absorde
1520 2927 1593 2972 eum
1609 2908 1775 2994 utriusque
1789 2897 1938 2996 Dionysii

418 3034 475 3078 res
502 3010 662 3074 adfinem
691 3007 734 3072 itu
761 3007 936 3073 adduxisse
959 2997 1063 3092 pones
1086 3016 1120 3071 ut
1139 3007 1283 3092 tyrunuis
1306 3007 1430 3073 socium
1458 3007 1552 3075 etiem
1573 3010 1734 3078 vindicem
1760 3015 1940 3098 tyrannidis

419 3117 618 3200 adiungeret.

526 3309 747 3390 Pyanepsione‚
781 3308 836 3368 sed
863 3309 1022 3387 ..quinque
1050 3307 1096 3366 vel
1129 3325 1182 3367 sex
1209 3308 1357 3368 mensium
1386 3309 1480 3385 spatio
1506 3327 1523 3370 a
1550 3311 1792 3390 Thesmophoriis
1818 3317 1938 3392 proprie

526 3395 632 3456 dictis“
654 3397 801 3468 seiuncta,
824 3399 958 3472 tempore
979 3412 1088 3466 verno,
1109 3394 1208 3454 Attico
1229 3392 1430 3472 Munychione
1453 3393 1501 3454 vel
1524 3399 1612 3458 etiem
1634 3397 1837 3476 Tlmrgelionc.

458 3501 502 3577 ⁸¹)
526 3499 666 3560 Athanim
689 3499 768 3558 enim
795 3497 853 3558 hoc
882 3497 948 3558 loco
974 3495 1039 3569 „nil
1068 3498 1125 3556 nisi
1148 3496 1421 3558 Timoleonteorum
1451 3498 1625 3562 colonorum
1652 3521 1846 3565 numerum
1868 3505 1938 3567 Plu-

526 3585 628 3648 ercho
651 3584 835 3645 subiecisse‘
858 3581 1169 3654 contumeliorum,
1200 3585 1250 3662 qui
1271 3581 1292 3642 l.
1310 3601 1335 3643 c.
1359 3603 1387 3662 p.
1409 3583 1455 3644 le.
1484 3586 1520 3646 ed
1545 3586 1626 3648 huno
1649 3592 1822 3667 scriptorem
1848 3593 1938 3652 etiem

527 3673 564 3733 de
585 3670 780 3750 sequentibus
804 3673 955 3750 provocet,
981 3671 1039 3730 ium
1062 3671 1178 3730 monuit
1199 3671 1354 3730 verissime
1375 3669 1543 3732 Boettcher.
1568 3673 1585 3734 Ι.
1604 3691 1629 3734 c.
1652 3693 1679 3750 p.
1700 3673 1745 3734 15.
