4358 5288
1134 509 1250 601 x2.

415 691 553 758 animum
575 691 765 758 attendisset
784 689 928 778 Heynins
956 689 1007 757 De
1027 688 1159 757 loutibb.
1180 690 1253 758 hist
1275 691 1419 760 Diodori.
1439 691 1511 778 Bip.
1533 713 1564 778 p.
1580 690 1762 772 dxxxvi,
1791 691 1923 758 eiusde

413 793 477 862 hoc
501 797 658 880 scriptore
686 796 817 860 decreta
841 815 901 878 per
928 817 1043 862 manus
1070 796 1184 862 tradita
1215 808 1289 862 sunt
1313 817 1417 883 usqne
1440 797 1481 862 ad
1504 794 1560 862 lul
1579 795 1664 860 Frid.
1686 793 1923 874 Boenchmm,
1996 811 2007 818 ·

335 947 343 958 .
413 901 466 984 qai
495 900 528 964 iu
555 898 811 966 Praelationibus
837 898 1004 966 1155111115
1030 900 1129 964 rebus
1156 899 1372 988 Syracusanis
1400 901 1486 985 apud
1511 899 1638 965 Livium
1665 909 1699 965 et
1719 897 1925 966 Plutarchaun

410 1003 540 1090 (Progr.
557 1001 707 1070 Dresdae
725 1003 826 1087 1838)
847 1003 946 1088 ρ.14.
971 1005 1126 1085 omnium,
1148 1025 1231 1090 qnos
1252 1003 1402 1090 equidem
1423 1003 1514 1082 novi,
1535 1002 1698 1088 primns²)
1714 1023 1784 1068 rem
1804 1003 1922 1068 iudiea-

408 1119 474 1170 tam
495 1104 691 1172 labefactare
713 1105 853 1172 instituit.
904 1107 988 1172 Nam
1009 1107 1072 1173 etsi
1092 1107 1221 1174 libellus
1242 1109 1283 1173 de
1303 1109 1403 1174 rebus
1425 1106 1641 1194 Syracusanis
1663 1106 1752 1191 ipse,
1775 1127 1870 1192 qnam
1890 1105 1923 1171 in
2045 1119 2050 1128 '

408 1208 464 1274 illa
485 1208 671 1292 prolusione
690 1209 902 1276 Boettcherus
924 1210 1074 1276 Drasdae
1097 1223 1129 1276 et
1149 1211 1279 1297 lipsiae
1301 1212 1334 1278 in
1355 1211 1485 1277 libraria
1501 1209 1700 1278 Aruoldiana
1719 1231 1795 1277 mox
1816 1211 1922 1294 prodi·

407 1323 513 1378 tarum
533 1314 747 1395 indicaverat,
772 1315 987 1380 vadimonium
1009 1315 1196 1380 deseruisse
1217 1315 1359 1382 videturr
1389 1314 1475 1381 illius
1497 1311 1626 1401 quidem
1648 1315 1690 1380 de
1709 1312 1838 1380 Athana
1854 1313 1922 1399 opi·

408 1414 461 1482 nio
483 1438 547 1482 non
568 1417 632 1481 iam
653 1418 749 1482 dubia
770 1430 877 1502 potest
898 1439 985 1484 esse.
1032 1419 1084 1484 Ac
1104 1417 1331 1484 Boettchernm
1353 1419 1482 1505 qnidenl
1502 1418 1628 1504 lieynio
1649 1417 1810 1503 aliquanto
1833 1429 1921 1484 certe

408 1519 643 1586 consideratius
662 1522 703 1586 de
722 1542 821 1606 opere
836 1520 984 1589 Atheneo
1000 1521 1162 1588 iudicasse
1180 1523 1328 1608 equidem
1346 1543 1412 1587 non
1430 1522 1634 1608 negaverim:
1656 1522 1726 1600 sed,
1748 1523 1834 1607 quod
1851 1543 1921 1588 cer·

406 1623 533 1688 laminis
560 1635 657 1707 eaput
684 1637 752 1706 est,
787 1627 828 1692 de
858 1625 961 1712 primo
982 1623 1130 1710 Athenae
1157 1624 1240 1690 libro
1266 1645 1378 1691 veram
1403 1647 1499 1691 unam
1521 1645 1594 1691 eam
1621 1622 1726 1692 habeo
1753 1625 1919 1703 rationem,

266 1795 276 1814 ,
406 1747 501 1814 quarn
521 1727 631 1792 initam
650 1747 736 1794 nune
757 1729 862 1794 denuo
883 1729 924 1793 ab
943 1727 1061 1794 lleldio
1071 1729 1099 1809 ⁸)
1121 1730 1186 1794 iam
1205 1739 1280 1796 ante
1300 1727 1363 1795 lros
1385 1741 1512 1796 aenaim
1534 1740 1567 1797 et
1587 1729 1700 1816 viginti
1718 1750 1823 1796 annos
1843 1750 1919 1814 pro·

405 1841 561 1914 posuerat
584 1833 626 1898 lo.
641 1832 729 1902 Frid.
738 1831 834 1900 Conr.
850 1831 1000 1898 Retterns
1020 1833 1053 1898 in
1074 1833 1300 1900 dissertatione
1323 1829 1736 1919 historico-chronologiae
1754 1835 1795 1900 de
1808 1833 1918 1902 Sienla

405 1932 635 2020 Dionysiorum
656 1936 835 2020 tyrannide.
878 1935 1017 2004 Giessae
1039 1935 1185 2018 (Litteris
1202 1935 1420 2018 lllallerianis)
1443 1936 1536 2004 1726.
1558 1958 1590 2020 p·
1603 1935 1655 2006 28.
1669 1971 1709 1984 -

420 2044 422 2057 ⁴
486 2039 571 2104 Nnnu
592 2039 727 2106 Heldius
749 2060 844 2126 quarn
866 2040 1036 2106 allettero
1056 2038 1177 2108 laetum
1199 2039 1381 2106 eemundus
1401 2061 1473 2106 rem
1489 2059 1582 2106 snam
1603 2040 1698 2106 tuitus
1720 2039 1916 2108 5115115511-

402 2140 446 2206 nii
477 2141 633 2208 relatione
669 2143 826 2229 cognosci
862 2143 996 2229 neqrdt.'
1060 2144 1105 2211 At
1129 2163 1209 2210 vero
1240 2165 1337 2230 qnnm
1369 2143 1484 2230 lleynii
1516 2143 1690 2210 auctoritas
1721 2165 1787 2210 mn
1819 2145 1916 2210 modo

397 2244 557 2312 ‘Goellem
584 2245 635 2312 De
657 2246 720 2312 situ
747 2257 779 2311 et
805 2247 928 2332 origine
952 2245 1188 2333 Syracusarum
1219 2269 1252 2331 p.
1275 2247 1325 2312 16.
1344 2257 1411 2337 prot.
1436 2249 1496 2314 sed
1524 2248 1558 2314 in
1583 2245 1729 2314 Parisino
1753 2244 1916 2332 fragmen-

403 2362 506 2414 torum
526 2347 752 2414 historicorum
768 2348 969 2416 Graecorum
990 2350 1182 2418 collectione
1203 2350 1351 2432 (Editore
1364 2351 1538 2418 Ambrosio
1553 2351 1673 2419 Firmin
1688 2349 1795 2416 Didot.
1814 2349 1915 2431 1841)

403 2452 561 2536 1».me
584 2452 680 2518 etiam
694 2449 801 2518 Cnnol
817 2465 849 2518 et
865 2452 986 2520 Thead.
999 2453 1145 2520 lllulleris
1167 2455 1250 2520 adeo
1272 2455 1461 2538 imposuerit
1480 2464 1515 2520 nt
1532 2453 1623 2520 nulla
1639 2453 1679 2518 iis
1701 2453 1852 2523 dubitatio
1873 2454 1916 2520 de
1937 2475 1940 2482 ’

401 2554 531 2624 Athana
550 2569 749 2622 moveretur:
770 2555 955 2624 Boettcheti
976 2557 1084 2642 opinio
1106 2577 1147 2622 eo
1159 2547 1349 2641 ¹speaiosior
1369 2559 1440 2638 erit,
1462 2557 1538 2643 quia
1558 2567 1633 2624 sant
1652 2553 1799 2625 nimirum
1821 2576 1915 2642 quaa,
1947 2586 1956 2604 =

400 2660 464 2726 nisi
484 2671 574 2726 recte
595 2659 757 2726 intellecta
778 2669 888 2740 enini,
917 2660 981 2745 ipsi
1002 2657 1124 2726 Retteri
1145 2660 1314 2748 Heldiiqoe
1340 2662 1520 2728 sententiae
1546 2681 1612 2728 uon
1633 2660 1838 2728 mediocriter
1857 2661 1914 2726 ad-

399 2764 525 2876 yersari
544 2764 720 2830 videantur.
765 2764 927 2840 Quocirca
947 2765 989 2831 ad
1011 2764 1149 2830 eandem
1168 2785 1239 2831 rem
1260 2765 1387 2834 delatus
1408 2785 1472 2850 ego
1493 2765 1559 2832 ἰοιιι
1580 2783 1708 2830 omnem
1728 2765 1770 2830 de
1786 2763 1915 2832 Athana
1970 2815 1987 2826 .

399 2847 621 2951 'aluaestiouem
643 2889 706 2932 una
723 2866 1013 2953 comprehensione
1032 2868 1308 2953 complectendam
1328 2880 1361 2937 et
1374 2866 1520 2936 refirtatis
1539 2870 1580 2934 de
1601 2867 1686 2936 illins
1707 2867 1798 2934 libris
1813 2867 1911 2934 histo-

284 3035 294 3056 ,
398 2969 476 3034 ricis
491 2990 587 3055 quum
600 2969 715 3056 lleynii
737 2983 804 3036 tum
817 2970 1000 3038 Boettcher-i
1017 2971 1193 3040 rationibus
1214 2993 1257 3040 ax
1277 2971 1435 3040 industria
1453 2974 1632 3040 cavendnm
1643 2971 1721 3038 duxi
1736 2993 1776 3038 ne
1796 2972 1911 3038 derum
1952 2965 1954 2970 ’

399 3092 480 3138 vera
497 3070 591 3138 falsis
613 3075 795 3140 obruantur.
820 3109 861 3121 -
1799 3159 1807 3182 .

484 3177 527 3244 Ut
553 3187 660 3244 autem
686 3179 762 3264 ipso
790 3179 900 3264 operis
925 3177 1083 3262 principio
1111 3178 1144 3244 in
1171 3190 1270 3247 totam
1297 3179 1466 3266 regionem
1491 3199 1587 3264 qnam
1609 3178 1772 3244 emensnri
1799 3197 1911 3244 sumus
1997 3265 2000 3270 Ι

288 3275 308 3320 ’·
397 3291 591 3366 prospectus
617 3283 794 3366 aperiatur,
821 3282 943 3348 initium
970 3301 1096 3348 sumam
1120 3303 1142 3348 a
1167 3281 1240 3348 loco
1261 3281 1397 3350 Diodori
1416 3281 1518 3364 Siculi
1536 3281 1609 3349 XV.
1631 3281 1686 3348 94.
1706 3293 1786 3346 extr.
1807 3279 1910 3360 ,nav

397 3383 435 3452 de
468 3389 685 3471 συγγραφέων
713 3379 860 3459 Ἀθάνας
891 3379 909 3450 d
938 3382 1164 3470 Συρακούσιος
1199 3387 1268 3454 τῶν
1300 3393 1381 3471 napi
1409 3389 1524 3454 Δίιουιι
1560 3381 1714 3472 πράξεσιν
1751 3383 1911 3452 ἐντεῦθεν

396 3487 466 3571 (01
481 3486 562 3554 clv.
585 3489 621 3554 3:
644 3509 673 3556 a.
685 3486 760 3555 chr.
775 3511 807 3556 n.
823 3489 904 3569 362)
926 3484 1109 3573 ἀρξάμενος
1129 3489 1258 3575 ἔγραψε
1279 3494 1342 3574 μὲν
1362 3491 1491 3575 βίβλους
1511 3487 1742 3576 τρισκαίδεκα,
1763 3505 1910 3573 προσακ-

380 3593 494 3678 ,έίκκβε
515 3591 552 3658 di
573 3591 633 3659 adv
654 3587 809 3678 ἄγραφον
834 3589 956 3679 χρόνον
986 3591 1071 3660 ἐτῶν
1097 3589 1187 3660 ἑπτὰ
1208 3589 1279 3660 ἀπὸ
1307 3595 1364 3678 τῆς
1384 3593 1546 3661 Φιλίσκου
1577 3588 1763 3669 συντάξεως
1784 3589 1822 3659 ἐν
1848 3594 1910 3676 μιᾷ

395 3697 509 3784 βίβλῳ·
529 3701 587 3762 καὶ
608 3692 752 3762 malado
773 3694 832 3770 σὰς
852 3693 989 3783 πράξεις
1011 3695 1048 3764 ἐν
1070 3697 1263 3785 κεφαλαίοις
1284 3699 1406 3782 συνεχῆ
1427 3695 1488 3783 τὴν
1511 3693 1873 3782 1ςιορίαυ1πσοίιρευ.“

478 3799 545 3870 11.
570 3798 640 3864 ae
661 3799 798 3883 primum
812 3801 942 3886 quidem
959 3802 1044 3887 quod
1066 3799 1174 3868 multis
1195 3800 1268 3868 aliis
1287 3801 1406 3868 accidit
1423 3812 1458 3865 nt
1471 3799 1594 3866 variato
1614 3797 1744 3864 nomine
1765 3797 1910 3866 inlibris

395 3913 539 3968 veterum
567 3899 831 3970 ancuuderantar
855 3905 942 3970 idem
968 3903 1022 3970 vel
1045 3903 1193 3972 Athenae
1217 3904 1343 3972 videtin
1368 3903 1541 3970 aeoidisse.
1591 3903 1697 3980 Quum
1717 3901 1804 3966 enim
1824 3901 1910 3970 hunc

440 4060 471 4138 ²)
499 4061 544 4122 De
568 4061 710 4126 Heerenii
733 4063 883 4124 erroribus
905 4065 964 4125 vid.
983 4063 1110 4125 Goeller.
1154 4063 1201 4124 De
1224 4065 1282 4125 situ
1307 4068 1338 4125 et
1358 4063 1471 4142 origine
1492 4061 1705 4142 Syracusarum
1728 4079 1755 4141 p.
1775 4059 1842 4122 tte.

442 4180 471 4257 ³)
499 4181 638 4329 {choellii
665 4187 745 4246 anim
772 4177 896 4266 (Gesoh.
917 4186 972 4246 der
990 4185 1114 4332 Griechl
1129 4185 1300 4248 Litteratur.
1348 4183 1436 4332 ilprs.
1458 4183 1651 4332 Slphpparaiapp
1663 4181 1713 4330 ttle'.
1724 4183 1810 4330 Ldp.
1830 4179 1906 4328 dpal)

497 4287 752 4419 uppretppnplppepp
755 4289 925 4420 ι1111511111ῌο
938 4274 1308 4440 Sippupigosippplpplptffl
1276 4289 1512 4420 εάιοο1ω51151
1535 4287 1661 4418 41115551
1679 4289 1752 4418 nilla
1773 4287 1907 4434 ussitidem

497 4443 602 4502 exierit
621 4443 711 4506 huius
732 4442 823 4506 libelli
843 4461 911 4522 pars
928 4443 1034 4518 altera,
1057 4464 1146 4526 quam
1168 4447 1306 4526 seriptum
1324 4445 1361 4506 de
1377 4443 1476 4508 Sicula
1490 4436 1700 4573 Dionysiorum
1724 4441 1805 4504 aula
1826 4441 1905 4502 Ilet—

498 4533 581 4590 terus
602 4531 773 4606 promittit
765 4549 796 4591 m
817 4531 951 4610 proemio
972 4549 1000 4612 p.
1015 4532 1044 4592 5.
