4358 5288
1039 489 1169 655 [12

357 773 361 794 ,,
387 714 604 800 πεποίηκεν.“
645 703 865 800 Posteaquam
883 713 969 780 enim
990 733 1087 800 quum
1103 713 1219 780 Frena
1235 677 1344 779 Dario.
1356 710 1566 780 Recherches
1587 733 1644 778 sur
1663 710 1698 776 le
1717 710 1769 776 vie
1791 723 1824 778 et
1842 705 1892 778 les

245 830 250 852 ¹
327 837 331 862 ¹
356 821 357 830 ’
387 817 483 884 tortu
509 819 549 882 de
572 817 704 883 Philisto
730 817 764 882 in
787 817 883 884 lile'm.
904 819 944 883 de
965 813 1084 883 l’acad.
1112 818 1172 883 des
1198 815 1404 902 inscriptions
1431 829 1463 882 et
1484 815 1586 882 helles
1599 814 1735 882 ·lettres
1757 814 1794 880 T.
1809 815 1893 882 Xlll

387 944 419 1007 p.
433 922 482 988 16.
503 934 568 987 tum
591 921 763 988 Goellerus
783 920 805 988 1.
821 942 849 988 a
875 943 904 1005 p.
922 923 993 1002 127,
1016 941 1098 1007 quae
1120 922 1206 1005 apud
1228 919 1417 1005 Dionysium
1434 919 1757 986 Holieomnssensem
1780 919 1821 982 de
1842 939 1894 984 ar·

227 1061 230 1071 =
325 1105 329 1110 ἡ
387 1037 538 1112 gennente
559 1023 748 1109 imperfecto
769 1025 980 1110 reperiuntur,
1001 1025 1042 1089 ad
1061 1023 1186 1090 Philisti
1205 1023 1403 1110 Dionysiaca
1424 1023 1607 1109 posteriora
1625 1019 1753 1087 trahere
1775 1043 1833 1106 pro
1855 1043 1894 1088 se

387 1129 523 1215 quisque
539 1129 645 1194 conati
666 1140 754 1194 sunt:
777 1121 813 1194 (λ’
827 1129 887 1194 Gn.
898 1128 1067 1213 Kmegero
1084 1127 1299 1194 emditissimo
1316 1125 1455 1194 rhetoris
1470 1126 1771 1194 Halicarnasseusis
1786 1126 1894 1192 existi-

294 1235 297 1242 “
386 1233 499 1300 moturi
520 1231 552 1296 in
575 1230 710 1317 Dionys.
725 1231 826 1298 Halia
845 1229 1150 1316 Histcn'ogrnphicis
1170 1253 1203 1315 p.
1219 1231 1271 1296 46.
1290 1221 1388 1297 lectio
1408 1230 1552 1316 uulgaris
1573 1241 1638 1297 tam
1661 1231 1804 1296 absurdo
1822 1230 1893 1296 visa

386 1347 492 1403 estut
512 1334 725 1420 corruptelam
748 1335 931 1420 suspicatus
949 1331 1083 1419 pro-„ati
1099 1332 1158 1419 rip
1172 1329 1341 1401 ὑπόθεσιν
1357 1330 1479 1420 ἀτελῆ
1498 1334 1769 1400 οοιοοιλιπεῖνΠ
1789 1331 1892 1400 fuisse

386 1439 538 1526 scriptum
558 1449 683 1524 putaret
702 1434 856 1524 „dipeliy
882 1437 1098 1518 tattymf‘
1153 1438 1225 1514 Quo
1246 1439 1351 1524 magis
1375 1437 1460 1504 subit
1483 1438 1592 1502 mirari
1617 1439 1702 1524 qrrod
1724 1437 1893 1504 novissimi

385 1541 636 1630 fragmentorum
651 1541 876 1609 Philisteorum
892 1543 1042 1621 editores,
1064 1539 1170 1607 Garol
1187 1551 1219 1607 et
1240 1541 1362 1608 Theod.
1373 1540 1511 1620 Mulleri,
1533 1541 1707 1608 S'evinieno
1726 1539 1796 1606 lere
1818 1561 1892 1606 sen-

384 1647 483 1714 tentie
504 1646 643 1711 contenti
659 1667 689 1730 p.
703 1645 869 1727 XLlX.'⁷)
909 1645 1070 1731 Kruegeri
1091 1645 1213 1711 millam
1233 1642 1388 1712 rationem
1408 1643 1597 1726 habueruut,
1620 1665 1804 1731 quanquam
1821 1645 1892 1710 eirrs

385 1749 597 1837 gravissimae
618 1749 764 1814 videntur
785 1749 988 1818 dubitationis
1009 1769 1157 1816 caussae.
1200 1751 1306 1830 „Nam
1329 1769 1401 1814 eum
1422 1749 1564 1832 ineptum
1586 1748 1627 1814 sit
1648 1750 1816 1829 credere,“
1836 1748 1889 1826 ait,

385 1853 592 1935 „historicum
614 1854 654 1919 de
670 1853 826 1918 industrie
845 1873 928 1938 opus
950 1875 1042 1918 suum
1063 1872 1129 1918 uon
1150 1853 1344 1932 absolvisse,
1365 1863 1431 1916 tum
1452 1851 1550 1938 longe
1565 1853 1704 1936 ineptius
1725 1865 1786 1932 est,
1806 1851 1891 1916 hauc

384 1958 521 2043 primum
538 1953 609 2032 eiusJ
624 1977 697 2021 cum
710 1954 895 2043 Thucydide
918 1956 1129 2022 similitudinis
1149 1967 1256 2022 notun
1273 1976 1405 2040 ponere,
1423 1977 1495 2020 cum
1515 1956 1621 2040 potins
1640 1957 1681 2022 de
1702 1957 1891 2043 argumenti,

386 2063 471 2147 quod
486 2060 630 2146 elegerit,
650 2072 764 2125 natura
779 2061 946 2126 dicendum
968 2057 1071 2126 firisse
1090 2061 1244 2126 videntur.
1286 2061 1370 2126 Nem
1393 2061 1433 2124 de
1455 2059 1568 2152 ἐκλογῇ
1589 2053 1786 2135 ὑποθέσεως
1807 2081 1891 2126 sem-

347 2211 350 2218 ·
385 2164 568 2250 perprimo
593 2161 667 2229 loco
688 2163 828 2248 disputat
847 2165 976 2230 Noster.
1020 2161 1069 2229 Ch
1089 2164 1150 2248 Ep.
1167 2164 1207 2229 ad
1223 2163 1281 2230 Cn.
1296 2163 1484 2248 Pompeium
1507 2165 1590 2244 3,4.
1632 2163 1684 2228 De
1704 2162 1890 2250 Thucydide

328 2329 331 2350 ,
385 2267 536 2334 indicium
556 2267 591 2344 6,
615 2266 713 2330 1.2.“
733 2303 774 2314 -
807 2266 889 2331 Hinc
910 2268 1059 2352 quonium
1080 2268 1240 2352 scriptura
1260 2266 1403 2352 vulgaris
1423 2267 1478 2332 vix
1496 2264 1631 2332 serenda
1651 2267 1776 2332 videtur
1797 2289 1889 2334 esse:

280 2369 285 2380 '
384 2371 606 2464 Kruegeriana
625 2368 689 2434 loci
711 2370 854 2454 suspecti
874 2371 1054 2436 emendatio
1076 2393 1142 2436 nou
1163 2373 1259 2437 modo
1279 2369 1432 2436 facilitate
1455 2369 1695 2436 commendatur
1716 2370 1890 2436 sedetiam

385 2473 433 2540 rei
456 2473 558 2559 ipsius
580 2471 810 2538 conuenientia
855 2473 959 2549 Quum
980 2475 1067 2540 enim
1087 2474 1151 2539 inm
1172 2475 1211 2540 H.
1226 2473 1410 2560 Stephanus
1431 2474 1468 2540 T.
1482 2474 1521 2538 V.
1543 2495 1575 2558 p.
1591 2473 1665 2539 418.
1706 2473 1764 2538 Ed.
1778 2473 1891 2540 Reislr.

280 2612 282 2616 ·
385 2579 426 2644 de
442 2577 641 2662 Dionysiana
661 2586 736 2640 vett
751 2575 871 2659 scripit.
895 2599 1033 2644 censura
1052 2578 1281 2670 observaverit,
1302 2580 1439 2659 „eadem
1460 2577 1492 2643 in
1510 2575 1574 2642 hoo
1593 2574 1703 2641 libello
1724 2577 1765 2642 de
1783 2577 1890 2644 multis

385 2682 594 2766 scriptoribus
611 2681 696 2745 dictu
712 2679 858 2762 reperiri,
880 2701 963 2766 quae
980 2681 1055 2746 alibi
1070 2683 1156 2766 apud
1171 2682 1278 2765 ipsum
1292 2681 1498 2767 Dionysium;
1519 2679 1702 2765 nullumque
1717 2701 1794 2746 esse
1807 2681 1891 2746 inter

383 2783 466 2850 haec
488 2795 583 2869 atque
604 2783 660 2848 illa
674 2783 857 2864 discrimen,
879 2784 941 2864 nisi
962 2788 1058 2871 qnod,
1078 2807 1161 2873 quae
1181 2784 1234 2850 hic
1249 2785 1390 2851 breviter
1411 2784 1676 2869 perstringantur,
1697 2781 1802 2850 fusius
1822 2783 1888 2850 illic

340 2877 343 2886 ’
384 2887 590 2967 tractentur,“
611 2906 651 2952 ee
672 2887 712 2951 de
733 2907 769 2952 re
791 2897 898 2952 antem
912 2889 1043 2955 uberius
1057 2889 1173 2954 dixerit
1185 2888 1259 2956 Alb.
1275 2889 1351 2956 Ger.
1364 2887 1505 2953 Becker.
1526 2887 1559 2953 in
1574 2886 1709 2972 Dionys.
1726 2907 1791 2952 von
1801 2887 1886 2954 Hali-

385 3009 560 3076 enrnossos
576 2989 649 3055 neh.
660 2989 711 3054 die
717 2990 967 3076 Rednergewalt
978 2993 1038 3058 des
1044 2991 1282 3058 Demosthenes
1296 3013 1328 3076 p.
1335 2992 1435 3058 XVll.
1442 3013 1506 3076 sqa
1518 3024 1560 3038 ·-
1583 2992 1666 3056 unde
1677 2992 1729 3064 *nd
1743 3001 1887 3056 nostrum

383 3093 490 3161 locum
511 3093 699 3177 Kruegerus
722 3095 903 3176 deseendit,
930 3095 1051 3179 lipad
1072 3093 1129 3161 Cn.
1146 3095 1334 3180 Pompeium
1360 3096 1433 3161 ch.
1456 3116 1486 3179 p.
1501 3095 1579 3174 780,
1606 3093 1740 3160 habetur
1760 3095 1889 3188 quidem
1967 3115 1970 3125 ⁴

384 3198 563 3264 accuratior
584 3215 624 3259 ac
645 3196 770 3280 plenior
785 3195 909 3263 Philisti
931 3219 1005 3281 cum
1021 3196 1206 3284 Thucydide
1229 3197 1367 3280 collatio,
1387 3217 1450 3263 nec
1471 3207 1578 3263 temen
1595 3196 1662 3263 ulla
1682 3208 1736 3263 out
1756 3199 1799 3263 ihi
1820 3199 1888 3264 inii·

383 3303 465 3370 citur
484 3309 545 3364 aut
559 3304 694 3386 usquam
714 3300 789 3384 alibi
810 3300 940 3367 relictae
961 3322 982 3366 a
997 3301 1154 3385 scriptore
1171 3301 1377 3388 Syracusano
1393 3295 1529 3376 ἀτελοῦς
1544 3295 1740 3376 duodennos
1760 3302 1888 3368 mentio.

384 3407 477 3483 Quod
499 3396 605 3469 autein
625 3405 667 3468 ad
688 3403 864 3489 argumenti
886 3404 1120 3488 simplicitatem
1141 3397 1387 3492 attinetsqunm
1408 3405 1537 3471 omnino
1552 3403 1730 3489 Dionysius
1746 3405 1888 3472 Halicar-

383 3507 553 3577 nasseusis
569 3505 789 3593 Thucydidem
810 3507 948 3573 infinitae
964 3509 1116 3574 Herodoti
1136 3507 1280 3574 varietati
1301 3527 1466 3594 opponere
1488 3507 1651 3574 consuerit
1672 3509 1748 3592 (Ep.
1770 3511 1811 3574 ad
1829 3507 1887 3576 Do.

254 3687 259 3694 ¹
383 3612 570 3697 Pompeium
593 3631 621 3675 c.
634 3610 665 3676 3.
678 3609 708 3676 3.
731 3631 761 3693 p.
774 3611 846 3676 767.
888 3611 940 3678 Dc
956 3609 1141 3698 Thucydide
1157 3605 1309 3677 iudicium
1328 3613 1401 3679 cli.
1421 3614 1450 3678 5.
1466 3611 1496 3678 6.
1518 3612 1589 3678 ch.
1603 3613 1632 3677 1.
1655 3633 1687 3694 p.
1700 3612 1793 3694 821),
1814 3611 1888 3678 loco
1967 3600 1970 3611 ¹

384 3737 484 3800 supro
503 3714 644 3799 prolato,
670 3715 729 3797 Ep.
756 3715 798 3778 nd
820 3711 879 3779 Cn.
899 3714 1088 3799 Pompeium
1113 3736 1141 3782 e.
1161 3717 1192 3783 5.
1221 3715 1250 3780 1.
1272 3709 1303 3800 p.
1321 3716 1399 3795 780,
1422 3713 1581 3800 Philistus
1608 3736 1680 3790 cum
1702 3713 1887 3803 Thucydide

383 3821 501 3887 iccirco
519 3817 719 3902 potissimum
739 3803 942 3902 comparatur
959 3819 1045 3904 quod
1066 3828 1099 3883 at
1118 3818 1191 3902 ipse
1209 3813 1404 3898 „irrideam
1420 3818 1562 3905 allype“
1583 3840 1647 3886 non
1663 3818 1891 3906 »πολυωφελῆ

384 3931 448 3990 acl
460 3920 598 4008 nosvin‘
619 3922 679 3987 sed
702 3925 811 4003 „pion
832 3928 888 3987 καλ
908 3917 1034 4008 ταύτην
1055 3917 1231 4008 cantaria?

466 4025 575 4096 x11.
619 4025 684 4089 lum
706 4045 784 4089 vero
806 4045 902 4110 quum
924 4023 1109 4111 propositae
1130 4026 1172 4090 de
1194 4026 1304 4110 operis
1326 4024 1469 4091 Philistei
1491 4022 1619 4090 delectu
1640 4024 1781 4108 opinioni
1803 4027 1886 4111 apud

420 4203 465 4280 Η)
488 4204 640 4282 „Dionysii
661 4205 784 4264 iunioris
806 4201 988 4277 historiam‚“
1010 4206 1156 4284 inquiunt,
1176 4223 1234 4277 „ne
1256 4206 1319 4284 ipse
1335 4203 1477 4266 Philistus
1499 4204 1624 4264 ulterius
1647 4209 1887 4284 prosequeretur,

419 4341 422 4346 r
487 4308 542 4350 neo
566 4289 689 4350 icrmsse
705 4289 762 4350 illis
784 4289 864 4366 ipsis,
887 4309 963 4368 qnae
978 4292 1036 4350 iam
1054 4295 1267 4370 composuerat,
1289 4308 1435 4350 summam
1453 4309 1573 4352 manum
1590 4292 1769 4360 admoueret,
1791 4294 1887 4348 morte

487 4376 643 4454 impeditus
666 4379 720 4436 est
765 4373 852 4448 Quod
875 4377 902 4435 ei
925 4377 1048 4438 ridicule
1070 4395 1141 4437 sane
1163 4379 1277 4438 crimini
1299 4378 1388 4439 vertit
1402 4377 1525 4457 Dionys.
1539 4377 1605 4438 llal.
1628 4382 1698 4438 tom.
1714 4376 1750 4448 V,
1773 4393 1801 4453 p.
1814 4372 1887 4435 l‘li.

488 4463 534 4523 ed.
550 4462 669 4522 Reisl.“
685 4495 726 4504 —
748 4460 882 4539 Dionysii
898 4462 1166 4524 halicarnassensis
1188 4483 1244 4526 vox
1266 4467 1346 4524 certe
1367 4466 1466 4525 miuus
1492 4463 1572 4524 intua
1594 4465 1752 4529 rideretur,
1775 4463 1799 4522 si
1822 4479 1887 4522 eum

486 4549 521 4610 ud
543 4548 675 4626 Dionysii
699 4549 869 4627 posterioris
891 4549 1019 4626 priorem
1040 4551 1223 4630 tyrannidem
1245 4551 1477 4612 restrinxissent.
