4358 5288
248 725 353 808 primo
375 723 624 792 Athanusdibro
648 723 843 810 expleudum
864 725 1076 808 suscepisset.
1124 727 1222 802 ,Quod
1244 737 1351 792 autem
1373 708 1416 794 'cx
1443 729 1757 816 duodequadraginta

249 828 426 916 tyrarrnidis
441 825 663 915 Dionysiauae
683 830 777 896 annis
800 829 892 916 operi
910 827 1065 895 Philisteo
1087 841 1211 915 septem
1235 832 1328 916 ipsos
1350 843 1513 898 extremos
1533 831 1676 898 ebibisse
1698 855 1755 918 pu·

176 949 180 954 ·
248 933 336 1014 tavit,
357 933 389 998 in
410 951 582 1017 raparum
603 943 720 998 testata
740 932 1024 1000 verisimilitudinis
1044 935 1168 999 ratione
1189 936 1304 1001 ductas
1321 935 1447 1001 videtur
1468 955 1554 1002 esse.
1596 937 1756 1013 Quemad-

248 1039 377 1122 modum
398 1037 484 1102 enim
503 1035 577 1102 libri
589 1038 712 1104 ,confici
735 1037 855 1116 solent,
880 1037 950 1103 sine
972 1037 1089 1103 idonea
1111 1059 1229 1104 caussa
1250 1040 1291 1104 de
1312 1039 1376 1104 alio
1398 1031 1587 1124 septuennio
1607 1059 1648 1105 ue
1668 1040 1757 1106 licuit
1825 1107 1832 1120 ,

247 1139 374 1226 quidem
397 1141 541 1226 cogitari.
703 1225 705 1230 λ
892 1137 896 1145 ’
1771 1143 1776 1155 ’

332 1245 465 1313 vlu.
509 1245 560 1312 Aa
580 1245 718 1329 primum
734 1242 863 1330 quidem
880 1265 976 1330 quum
991 1245 1158 1332 lleyuiana
1174 1245 1281 1330 opinio
1301 1265 1375 1311 eam
1391 1244 1529 1310 maxime
1545 1245 1587 1311 ob
1605 1265 1755 1313 caussam

249 1350 433 1432 metuenda
452 1351 616 1414 videretur
637 1348 732 1434 qood,
755 1369 837 1433 quae
852 1345 1015 1414 Diodorus
1036 1349 1077 1414 de
1098 1349 1252 1432 inscripto
1274 1351 1383 1432 operis
1399 1345 1543 1430 Philistei
1565 1351 1755 1434 septuennio

247 1453 421 1518 memoriae
439 1451 587 1537 prodidit,
609 1449 774 1516 conciliari
794 1465 925 1517 cumea
942 1451 1030 1517 nullo
1045 1454 1142 1518 modo
1159 1463 1339 1537 potuemmt,
1360 1449 1445 1516 bunc
1459 1451 1554 1518 nobis
1571 1453 1755 1538 scrupulum

248 1555 459 1622 Boettcheras
481 1555 553 1622 sine
574 1555 670 1620 dubio
691 1554 818 1621 exemit.
871 1555 1042 1641 Quanqum
1063 1555 1097 1620 in
1118 1553 1252 1622 Diodori
1273 1554 1382 1621 verbis
1403 1557 1561 1642 quaedam
1581 1557 1678 1641 paulo
1699 1557 1755 1624 ali-

246 1671 389 1725 tersum
414 1669 510 1744 atque
531 1659 573 1723 ab
596 1657 720 1744 ileynio
740 1657 860 1725 iactum
880 1659 1082 1743 interpretari
1103 1679 1243 1726 necesse
1264 1659 1332 1726 erit.

329 1761 466 1829 Minoris
487 1762 639 1826 momenti
660 1775 693 1828 et
714 1763 868 1846 ponderis
890 1773 941 1828 est
961 1765 1048 1849 quod
1068 1763 1101 1827 in
1124 1763 1205 1828 hoc:
1233 1761 1492 1847 ,arpoouvelope
1513 1760 1551 1828 δὲ
1574 1760 1635 1830 τὸν
1656 1759 1755 1850 ἄγρο-

247 1887 315 1949 pov
340 1861 460 1950 χρόνον
485 1864 570 1931 ἐτῶν
596 1861 684 1932 ἑπτὰ
712 1863 791 1932 cirri
820 1869 876 1952 τῆς
897 1865 1058 1930 Φιλίστου
1086 1864 1299 1944 condiant&
1327 1865 1523 1951 praepositio
1545 1861 1631 1947 ἀπό,
1659 1889 1755 1953 quum

247 1967 372 2052 Heyuio
387 1968 495 2052 ipsum
515 1970 683 2035 terminum
699 1971 845 2036 videatur
860 1969 1078 2058 significasset
1100 1990 1247 2050 von-an,
1270 1967 1462 2035 Boettchero
1478 1967 1640 2034 iutellectu
1657 1991 1755 2057 gene-

246 2069 364 2135 raliore
387 2073 543 2156 capienda
564 2075 642 2138 erit:
666 2073 823 2139 von-ber.
1094 2143 1097 2152 ,

333 2174 398 2240 Sed
417 2177 558 2244 maxime
580 2175 748 2242 dissidebit
768 2179 808 2242 de
830 2197 871 2242 eo
893 2178 978 2263 quod
992 2175 1138 2245 Athones
1163 2173 1337 2256 ‚metam
1357 2173 1418 2250 τὰς
1442 2172 1577 2262 πράξεις
1597 2175 1635 2244 iv
1654 2178 1755 2265 κέφα-

246 2278 353 2353 λοίοις
373 2282 519 2366 συνεχῆ
540 2278 611 2366 τὴν
632 2277 852 2366 ἱστορίον“
872 2279 994 2346 iecisse
1015 2280 1208 2365 perhibetur.
1250 2282 1333 2346 Nam
1350 2301 1431 2366 quae
1446 2279 1570 2364 lleyruo
1587 2282 1755 2365 putabatur

247 2379 397 2468 ἱστορία,
418 2403 458 2447 οο
480 2400 546 2450 non
572 2385 647 2450 item
674 2384 778 2468 putari
800 2385 917 2469 poterit
937 2383 1139 2452 Boettchero.
1190 2385 1288 2450 immo
1310 2403 1405 2470 quum
1429 2381 1567 2468 ,συνεχὴς
1586 2383 1755 2468 dupliciter

206 2499 209 2504 ’
246 2505 301 2550 res
322 2487 427 2570 possit
444 2487 516 2560 dici,
539 2488 674 2571 primum
692 2484 880 2561 circuitione:
903 2488 1061 2568 continua,
1083 2487 1273 2568 cobaereuS,
1296 2497 1451 2572 perpetua
1465 2519 1506 2534 -
1521 2481 1564 2552 ori
1580 2486 1754 2582 διῃρημένη

243 2589 265 2651 i.
282 2608 311 2653 a.
332 2611 397 2656 nou
421 2589 596 2675 interrupta
618 2613 645 2656 s.
659 2592 858 2668 intermissa:v
880 2592 994 2657 deinde
1014 2585 1060 2668 ὡς
1074 2588 1157 2677 πρός
1178 2614 1225 2656 τις
1247 2610 1404 2670 connexa,
1426 2591 1585 2676 configas,
1608 2591 1753 2675 proxime

245 2713 454 2778 sequens-
481 2689 520 2760 ori
542 2698 762 2781 κεχωρισμένη
790 2695 810 2759 i.
833 2679 862 2760 e]
883 2716 948 2787 non
976 2695 1121 2761 seiuncta
1147 2717 1174 2760 s.
1197 2706 1369 2778 separata>
1384 2729 1425 2740 -·
1451 2693 1612 2780 Heynius,
1633 2694 1753 2781 quippe

245 2797 299 2894 qui
324 2797 428 2880 primo
449 2796 596 2864 Albanae
621 2796 703 2862 libro
730 2798 803 2882 ipsa
831 2800 1011 2883 posteriora
1037 2798 1161 2888 Philisti
1182 2797 1381 2883 Dionysiaca
1403 2799 1557 2862 duntaxat
1582 2809 1754 2866 retractata

244 2911 387 2982 putaret,
418 2923 484 2966 uon
514 2901 615 2985 potuit
647 2901 723 2986 quin
750 2911 938 2987 praeoptata
964 2903 1143 2988 posteriore
1177 2891 1324 2968 vocabuli
1352 2899 1490 2988 συνοχῆς
1522 2901 1753 2986 significatione

246 3003 380 3068 Diodori
405 3006 505 3069 verba
532 3005 565 3068 in
590 3025 663 3070 aaut
690 3007 879 3070 sententiam
902 3006 1079 3090 acciperet,
1106 3017 1256 3092 tanquam
1283 3006 1311 3071 si
1331 3005 1477 3072 Athones
1500 3025 1628 3070 suarum
1654 3005 1751 3071 bisto-

244 3107 364 3171 riarum
385 3129 504 3192 corpus
529 3110 591 3173 isto
612 3108 703 3194 quasi
724 3109 852 3174 vinculo
874 3111 915 3174 od
936 3109 1059 3175 Philisti
1080 3130 1163 3195 opus
1184 3110 1287 3175 maius
1309 3109 1505 3200 annepuisse
1526 3109 1696 3175 dicaretur.
1710 3141 1752 3156 -

244 3210 290 3274 At
309 3211 395 3276 euim
417 3231 499 3297 quae
519 3211 703 3278 Boettcheri
726 3223 777 3278 est
799 3214 840 3278 de
859 3212 983 3279 Philisti
1006 3234 1105 3297 opere
1128 3215 1302 3293 sentenn'a,
1332 3235 1429 3300 quum
1449 3211 1543 3278 trium
1564 3207 1751 3289 συντάξεων

245 3312 469 3380 Philistenrum
490 3317 571 3382 dirus
592 3317 718 3401 priores
740 3317 831 3400 ipsns
854 3303 929 3382 sese
953 3315 1140 3401 excepisse,
1167 3316 1290 3381 tertiam
1314 3328 1436 3395 autem,
1463 3335 1545 3401 quae
1568 3315 1607 3379 ad
1630 3313 1751 3400 Diony·

244 3418 327 3482 sium
358 3415 454 3482 lilium
488 3431 666 3503 spectaret,
698 3431 826 3508 septem
854 3439 1009 3486 annorum
1037 3419 1274 3503 intercapedine
1306 3418 1557 3504 aDionysiucis
1588 3417 1750 3502 prionbus

243 3508 433 3586 disiunctum
454 3520 556 3588 fuisse
578 3533 709 3588 statuat:
739 3555 778 3568 -
811 3522 1023 3588 Boettcherus
1045 3523 1141 3608 igitur
1161 3522 1295 3588 alteram
1318 3521 1466 3587 vocabuli
1493 3518 1629 3605 συνεχὴς
1651 3520 1750 3608 signi-

243 3623 423 3690 ficationem
440 3626 570 3691 retineri
591 3637 623 3690 et
642 3627 683 3690 de
701 3624 865 3690 Philisti
888 3623 1018 3712 ἱστορίᾳ
1040 3626 1174 3711 cogitari
1194 3625 1290 3691 volet.
1332 3627 1404 3690 Nee
1420 3623 1484 3690 iam
1507 3645 1569 3710 quo
1591 3645 1749 3690 evasums

243 3729 286 3792 sit
307 3729 488 3795 obscurum.
531 3729 686 3795 Nimirum
709 3729 844 3812 primum
861 3728 1007 3797 Athenae
1027 3729 1142 3793 b'brum
1163 3749 1223 3812 pro
1246 3729 1459 3794 commissura
1479 3729 1615 3814 quadam
1636 3725 1750 3806 finisse,

243 3833 335 3898 maius
360 3813 486 3900 demum
507 3831 697 3916 interpositu
718 3813 869 3897 Philistea
896 3853 1004 3897 renum
1026 3830 1202 3898 Sicularum
1224 3831 1364 3897 narratio
1391 3832 1465 3897 inde
1486 3851 1507 3894 a
1529 3829 1640 3896 Cocali
1661 3831 1749 3896 Sica-

242 3957 356 4002 norum
382 3936 471 4020 regis
500 3936 698 4020 temporibus
726 3955 829 4020 usque
855 3935 897 3999 ad
925 3948 1051 4000 sextum
1073 3934 1221 4020 Dionysii
1245 3934 1436 4018 posterioris
1456 3953 1573 3998 annum
1599 3932 1653 3998 iilo
1676 3955 1749 4018 per-

243 4052 339 4122 petuo
366 4039 505 4103 deducta
530 4050 621 4106 esset
645 4039 726 4106 visa.
781 4039 857 4104 Sive
884 4049 919 4102 ut
938 4039 1088 4124 Laurent
1108 4037 1338 4103 Rhodomanus
1362 4035 1495 4103 Diodori
1521 4034 1627 4100 locum
1653 4035 1748 4102 iuter·
1869 4075 1871 4084 =

242 4153 386 4226 pretatus
404 4151 469 4207 est:
492 4142 681 4221 „Annorum
695 4153 800 4208 mareu
816 4154 942 4226 septem
955 4141 1154 4220 memoriam,
1175 4162 1270 4226 quum
1281 4140 1433 4208 Philistus
1449 4140 1598 4204 intactam
1611 4135 1748 4224 reliquit,

241 4245 323 4310 libro
343 4267 408 4310 uuo
430 4243 673 4329 comprehendit
694 4237 889 4327 (Athanas)=
917 4256 949 4309 et
969 4265 1024 4314 res
1047 4245 1227 4326 summatim
1250 4265 1429 4312 recensens
1449 4242 1631 4308 continuam
1650 4236 1749 4308 bistoss

241 4349 332 4414 riae“
348 4383 390 4396 —-
413 4347 734 4416 Philisteae‘scilicet
753 4383 794 4396 -
816 4347 957 4428 „seriem
978 4347 1115 4414 effecit“

328 4451 412 4523 lx.
458 4453 529 4518 Huc
555 4449 625 4518 iere
646 4455 769 4520 ratium
794 4472 890 4538 quum
912 4451 1045 4518 Diodori
1065 4451 1174 4518 verbis
1197 4450 1420 4518 Boettcher-um
1442 4447 1632 4515 senteutiam
1656 4467 1748 4514 suam

242 4559 511 4624 accommodasse
533 4576 723 4642 persuasum
746 4556 797 4636 sit,
818 4555 968 4620 demirari
990 4556 1070 4622 satis
1091 4575 1156 4621 nou
1177 4575 1312 4639 possum
1333 4553 1417 4640 quod
1439 4551 1566 4620 silentio
1586 4551 1749 4648 praeteriit

623 4683 626 4690 ·
1177 4659 1198 4725 9
