4358 5288
954 550 1001 647 13

218 743 396 830 scriptores
417 752 547 808 veteres
567 737 646 806 nihil
663 739 835 805 admodum
850 719 1057 824 respondeat,
1080 736 1222 806 Theonis
1237 750 1345 805 cutem
1364 737 1436 806 libri
1453 739 1612 806 undecimi
1633 739 1732 826 signi·

217 849 323 916 iicctio
349 845 402 913 vel
427 855 540 911 contra
564 845 621 910 niti
641 843 801 910 videatur:
829 841 975 929 prolecto
997 841 1210 908 Boettcherus
1231 841 1416 923 Philistum,
1444 864 1540 929 quam
1561 842 1733 930 Dionysia·
1827 880 1831 899 .

219 956 329 1018 oorurn'
346 949 491 1035 priorum
511 959 635 1032 portem
653 947 807 1026 omiserit,
830 946 981 1013 omisisse
1003 947 1181 1045 exsulem
1201 947 1314 1014 dicens
1336 949 1506 1013 stationem
1524 967 1637 1032 parum
1653 947 1733 1014 vali·

219 1058 292 1122 dcm
312 1052 501 1120 invalidiore
517 1052 612 1118 etium
633 1053 716 1118 tueri
737 1051 865 1117 molitur
885 1050 1060 1136 praesidio.
1095 1051 1252 1136 Equidem
1274 1061 1362 1116 certe
1383 1048 1467 1116 haec
1483 1052 1642 1136 quomodo
1656 1063 1733 1144 epm

218 1161 301 1225 inter
325 1181 362 1224 se
384 1167 419 1222 ct
439 1155 645 1222 cohaerentia
665 1165 720 1220 curt
740 1155 803 1220 sint
822 1165 877 1219 aut
900 1175 977 1220 esse
998 1155 1126 1239 possint
1149 1177 1213 1220 non
1234 1155 1373 1237 reperio.
1421 1155 1611 1240 Quanquam
1632 1175 1732 1240 ‘quum
1753 1187 1758 1204 ·

218 1262 323 1329 adhuc
344 1281 440 1326 nemo
457 1261 537 1326 satis
556 1270 708 1324 accurate
730 1257 921 1337 excusserit,
943 1279 1027 1343 quoe
1043 1259 1084 1323 de
1100 1257 1225 1324 Philisti
1237 1257 1352 1324 exsilio
1368 1256 1514 1324 seruntur
1535 1259 1730 1325 testimonia:

218 1367 271 1434 hic
290 1367 380 1446 inde,
410 1386 493 1452 quoe
514 1364 557 1429 od
577 1383 647 1428 rem
668 1371 812 1427 nostram
833 1362 995 1445 pertinere
1015 1363 1221 1442 videbuntur,
1250 1363 1357 1429 denno
1380 1362 1611 1447 cognoscenda
1631 1375 1734 1426 crunt

216 1473 269 1538 Ac
289 1469 480 1538 Plutarchus
503 1467 630 1554 quidem
651 1464 804 1531 Dionll.
822 1459 901 1530 ontr.
932 1459 998 1546 υὉ
1020 1463 1083 1551 γάρ
1104 1464 1143 1552 δῆ
1160 1465 1411 1540 Φίλιστος“.οἱί
1431 1464 1496 1546 »ἐξ
1513 1461 1614 1554 άρχῆς
1634 1487 1672 1530 τε
1692 1467 1732 1558 τῆ

153 1601 157 1606 ·
217 1573 389 1660 τυραννίδι
409 1573 641 1662 καθισταμένη
662 1564 923 1660 προθυμότατον
944 1564 1066 1635 ἑαυτὸν
1091 1573 1242 1655 παρέσχε
1268 1575 1324 1634 καὶ
1344 1567 1405 1655 τῆν
1426 1564 1533 1654 ’ἄκραν
1553 1564 1759 1654 διεφύλαξες

217 1677 436 1764 φρουραρχῶν
452 1673 511 1740 ἐπὶ
532 1670 640 1739 πολδν
655 1667 785 1757 χρόνον.
808 1665 869 1738 Ἠν
885 1670 923 1738 δὲ
939 1669 1047 1754 λόγος,
1068 1666 1111 1747 ὥς
1130 1679 1186 1738 καὶ
1200 1674 1241 1765 τῆ
1259 1679 1356 1758 μητρὶ
1377 1667 1554 1756 πλησιάζοι
1573 1674 1633 1737 τοῦ
1654 1695 1732 1758 πρε-

215 1785 376 1866 σβυτέρου
389 1781 580 1862 Διονυσίου,
601 1779 661 1842 τοῦ
676 1772 839 1865 τυράννου
860 1773 1148 1860 μῆπαντάπασιν
1169 1772 1376 1858 ἀγνοοῦντος.
1400 1772 1493 1840 Ἐπεὶ
1515 1775 1552 1840 δὲ·
1565 1777 1733 1863 Λεπτίνης
1770 1797 1772 1807 “

215 1882 253 1950 έκ
273 1878 439 1965 γυναικὸς,
461 1877 500 1967 ῆν
514 1878 715 1967 διαφθείρας
736 1876 835 1967 ἑτέρην
857 1882 1080 1946 συνοικοῦσαν
1097 1879 1190 1962 ἔσχε,
1207 1883 1394 1964 γενομένων
1410 1875 1500 1967 cristi
1518 1878 1612 1945 δυοίν
1627 1884 1733 1962 θυγα-

212 1993 332 2074 τέρων,
354 1983 413 2071 τῆν
435 1981 553 2070 ἑτέραν
573 1983 674 2050 ἔδωκε
689 1983 838 2070 Φιλίστῳ
859 1982 941 2069 μηδὲ
961 1980 1094 2070 φράσας
1110 1983 1193 2069 πρὸς
1207 1982 1402 2052 Διονόσιον·
1424 1979 1593 2070 ὀργισθείς
1609 1981 1733 2058 ἐκεῖνος

211 2091 276 2176 τῆν
296 2095 359 2174 μὲν
379 2095 518 2170 γυναῖκα
541 2089 601 2154 τοῦ
614 2087 784 2153 Λεπτίνου
805 2083 909 2173 δῆσας
931 2088 991 2166 (its
1007 2087 1086 2154 Cod.
1098 2088 1224 2154 Monac.
1242 2109 1303 2172 pro
1325 2085 1456 2168 δείσας)
1478 2085 1516 2153 έν
1535 2087 1656 2162 πέδαις
1676 2115 1735 2164 κατ,

213 2197 347 2278 deicis,
374 2188 434 2257 τδν
461 2189 497 2257 δὲ
520 2190 682 2258 Φίλιστον
708 2187 846 2276 έξῆλασε
869 2190 1040 2272 Σικελίας,
1068 2188 1219 2278 φυγόντα
1241 2190 1337 2280 παρδι
1357 2195 1471 2269 ξένους
1490 2190 1585 2267 τινδις
1606 2193 1653 2268 εἷς
1672 2191 1733 2259 τδν

209 2295 359 2382 Ἀδρίυιν
386 2291 473 2360 ὅπου
493 2301 550 2360 καί
570 2293 723 2361 δοκεῖτὰ
740 2293 885 2361 πλείστα
906 2297 1085 2362 συνθεῖναι
1105 2297 1162 2380 τῆς
1183 2291 1332 2381 ἱστορίας
1353 2291 1533 2376 σχολάζων.
1576 2291 1632 2374 Οὐ
1659 2294 1732 2378 γὰρ

209 2399 425 2486 ἐπανῆλθε
454 2399 525 2464 τοῦ
555 2399 831 2484 πρεσβυτέρου
859 2397 1024 2479 ζῶντος,
1055 2395 1158 2465 άλλδι
1184 2399 1286 2482 μετὰ
1311 2397 1383 2484 τῆν
1409 2395 1567 2465 ἐκείνου
1594 2400 1732 2466 τελευ-

215 2503 305 2590 τῆν,
329 2501 465 2587 ὥσπερ
490 2503 665 2589 εἴρηται,
689 2497 914 2586 κατήγαγεν
936 2497 1061 2571 αὐτὸν
1082 2497 1099 2570 δ
1117 2500 1361 2592 πρδςΔίιονα
1382 2504 1461 2570 τόν
1483 2497 1613 2570 ἄλλων
1635 2500 1731 2589 φθό-
1760 2496 1762 2506 '

214 2627 298 2686 νος,
329 2600 377 2681 ὡς
402 2600 540 2680 αὐτοῖς
565 2627 608 2670 τε
634 2603 788 2687 μάλλον
812 2601 1048 2691 έπιτῆδειον
1070 2602 1167 2674 όντοι
1194 2613 1262 2672 καί
1288 2609 1333 2701 τῆ
1360 2605 1574 2694 τυραννίδι
1596 2611 1730 2691 βεβαι-

214 2706 395 2794 ότερον.“
437 2706 609 2774 Plutarcho
631 2708 757 2773 cocedit
777 2701 946 2774 Cornelius
967 2706 1081 2794 Nepos
1101 2711 1198 2777 Dion.
1215 2731 1242 2776 c
1254 2711 1285 2777 3.
1306 2712 1337 2776 1.
1351 2711 1382 2776 2.
1430 2709 1622 2796 „Quumque
1645 2711 1731 2776 Diou

215 2834 282 2878 nou
302 2813 475 2878 desisteret
495 2811 671 2876 ohseorcre
688 2811 890 2897 Dionysium,
911 2823 945 2877 ut
961 2813 1128 2896 Platonem
1142 2812 1280 2880 Athenis
1301 2824 1488 2880 arcesseret
1509 2824 1542 2878 et
1563 2815 1633 2880 eius
1655 2835 1731 2880 ecn-

210 2915 297 2992 siliis
323 2926 481 2995 uteretur,
513 2913 585 2994 ille,
621 2914 675 3000 qui
707 2915 739 2978 in
767 2914 875 3000 aliqua
902 2937 939 2982 re
965 2916 1065 2982 vellet
1089 2930 1215 3002 patrem
1245 2917 1378 2997 imitari,
1408 2937 1533 2983 morem
1560 2917 1590 2982 ei
1618 2919 1730 3004 gessit.

214 3019 444 3104 Eodemque
473 3029 653 3103 tempore
674 3017 889 3090 Philistum
914 3018 1149 3086 historicum
1171 3021 1402 3108 Syracusas
1423 3022 1603 3100 reduxit,
1630 3021 1730 3086 homi·

213 3143 291 3188 nem
314 3121 450 3187 amicum
471 3143 537 3188 nou
557 3121 662 3207 magis
690 3131 826 3207 tyranno
849 3145 945 3210 quom
974 3127 1143 3212 tyrannidi.
1191 3125 1258 3190 Sed
1279 3127 1321 3190 de
1342 3123 1406 3191 hoc
1433 3125 1467 3189 in
1490 3145 1532 3190 eo
1554 3146 1627 3190 mec
1648 3123 1730 3190 libro

202 3223 309 3325 'pluro
328 3234 403 3290 sunt
423 3226 590 3310 expositu,
614 3225 729 3312 quide
754 3226 916 3294 historicis
941 3225 1110 3313 [Graccis]
1133 3229 1336 3312 conscriptus
1358 3229 1441 3294 est“
1482 3229 1604 3294 Verum
1627 3229 1668 3293 oh
1690 3229 1730 3294 iis

212 3329 364 3396 dissentit
378 3326 541 3395 Diodorus
558 3328 687 3396 Siculas
701 3329 771 3396 XV.
779 3331 809 3394 7.
827 3333 911 3397 med.
932 3327 994 3413 ‚‚‘0
1011 3332 1048 3400 δὲ
1064 3328 1240 3407 Διονύσιος
1260 3327 1406 3406 άκοόσας
1420 3329 1481 3417 τῆν
1501 3332 1569 3398 τάν
1589 3329 1730 3418 ποιημά-

213 3455 282 3498 των
305 3428 553 3518 καταφρόνησιν
579 3430 741 3502 δνέπεσεν
764 3433 811 3508 εἷς
836 3430 1021 3522 δπερβολῆν
1046 3433 1178 3522 λάπης.Ι
1204 3431 1270 3500 ’Δεῖ
1293 3434 1330 3500 δὲ
1357 3434 1488 3519 μᾶλλον
1513 3438 1573 3502 τοῦ
1596 3431 1731 3510 πάθους

87 3588 95 3607 .
212 3537 373 3604 ἐπίτασιν
388 3531 614 3620 λαμβάνοντος
629 3533 795 3622 μανιώδης
817 3535 971 3614 διάθεσις
989 3544 1131 3622 κατέσχε
1152 3538 1213 3625 τῆν
1231 3534 1344 3628 φυχῆν
1364 3533 1489 3618 αδτοῦ,
1509 3545 1565 3602 καὶ
1587 3541 1731 3625 φθονεῖν

212 3635 304 3726 αὐτῷ
327 3635 467 3726 φάσκων
494 3635 665 3718 ἅπαντας,
691 3637 767 3714 τοὺς
789 3641 906 3727 φίλους
931 3638 1133 3710 ὑπώπτευεν
1154 3637 1198 3717 cic
1224 3638 1517 3726 ἐπιβουλεύοντας·
1543 3647 1599 3706 καὶ
1626 3647 1731 3726 πέρας

214 3743 274 3808 έπῐ
293 3744 434 3808 τοσοῦτο
456 3742 606 3828 προῆλθε
628 3743 732 3828 λυπῆς
758 3751 814 3810 καί
837 3749 1054 3832 παρακοπῆς,
1081 3743 1169 3813 ὥστε
1194 3747 1262 3812 τόν
1288 3745 1395 3833 φίλων
1421 3743 1565 3820 πολλοὺς
1586 3749 1650 3830 μὲν
1672 3745 1730 3812 ἐπὶ

212 3956 270 4015 καὶ
290 3953 456 4034 Λεπτίνης
479 3943 497 4014 ό
528 3945 692 4036 άδελφδς,
719 3947 837 4038 ἄνδρες
859 3950 1073 4040 διαφέροντες
1094 3950 1246 4041 άνδρείηι,
1273 3957 1330 4016 καί
1354 3951 1481 4027 πολλάς
1507 3959 1564 4018 καί
1584 3949 1730 4040 μεγάλας

212 4059 323 4138 χρείας
347 4051 384 4118 έν
405 4061 473 4128 τοῖς
493 4053 651 4138 πολέμοις
673 4049 763 4142 αὐτῷ
785 4060 1042 4142 παρεσχημένοι.
1100 4051 1204 4124 Οὗτοι
1227 4061 1291 4140 μὲν
1312 4049 1373 4122 οὖν
1394 4053 1554 4144 φυγόντες
1576 4057 1623 4131 εἰς
1644 4055 1729 4122 Θου-

212 4161 302 4242 ρίους
315 4159 371 4242 τῆς
380 4153 519 4230 Ἰταλιάς
539 4165 596 4224 καὶ
611 4155 706 4244 παρὰ
726 4166 795 4233 τοῖς
806 4154 1004 4234 Ἰταλιώταις
1024 4155 1167 4246 μεγάλης
1188 4155 1356 4246 άποδοχῆς
1375 4156 1593 4242 τυγχάνοντες
1615 4157 1730 4226 rinus-

213 4284 283 4346 ρον
309 4259 528 4336 δεηθέντος
552 4257 622 4326 τοῦ
646 4265 865 4326 Διονυσίου
892 4259 1170 4348 διηλλάγησαν
1191 4271 1257 4328 καὶ
1284 4259 1555 4337 κατελθόντες
1582 4264 1640 4338 είς
1661 4262 1731 4338 τάς

175 4435 179 4444 ,
214 4361 478 4446 Συρακούσας
501 4364 558 4438 είς
578 4362 648 4448 τῆν
669 4360 997 4452 προϋπάρξασαν
1019 4361 1188 4432 εὔνοιαν
1209 4362 1545 4452 κατεστάθησαν·
1574 4359 1731 4432 ὃδέΔε-
1803 4433 1806 4440 ,

213 4473 329 4554 πείνης
351 4469 448 4554 λ’γημε
469 4465 529 4554 τῆν
543 4472 722 4534 Διονυσίου
738 4469 919 4556 θυγατέρα.
955 4468 1073 4534 Ταῦτα
1088 4475 1151 4554 μὲν
1166 4464 1228 4538 οδν
1245 4467 1401 4554 ἐπράχθη
1422 4468 1509 4535 κατὰ
1530 4457 1651 4536 τοῦτον
1672 4469 1731 4536 τδν

209 4568 399 4638 ένιαυτόν“
423 4571 610 4655 (Archonte
632 4569 842 4657 Mystichide3
869 4571 920 4638 Ol.
937 4571 1081 4638 XCVlll.
1102 4571 1139 4638 3:
1161 4593 1190 4640 c.
1209 4571 1283 4638 Chr.
1300 4593 1330 4638 n.
1352 4571 1445 4655 3⁸2²)-
1516 4572 1568 4640 Ac
1595 4573 1731 4658 primum
1749 4659 1750 4668 η
