4358 5288
1157 543 1208 638 ta

421 741 474 796 turs
495 727 696 798 motolo.
717 731 743 796 l.
763 741 889 814 purtem
909 751 975 796 uon
996 731 1092 796 modo
1115 730 1328 813 posteriorem
1355 731 1414 795 sed
1437 741 1634 816 postmuram
1660 727 1732 795 fere
1754 715 1940 814 protruden-

359 819 361 826 ¹
421 835 483 900 dus
505 835 579 912 erit,
608 835 642 928 si.
658 834 821 898 minimum
844 854 964 918 pronas,
993 835 1027 900 iu
1047 832 1332 902 Antltesteriouom
1356 845 1543 914 exeuntem,
1569 833 1672 900 nostri
1694 834 1769 898 unni
1791 834 1940 900 Martium

420 935 491 1004 l'ere
512 939 662 1004 medium.
710 937 745 1002 Si
766 958 846 1002 vero
867 937 1045 1025 Dionysius
1066 938 1156 1028 prior
1180 937 1244 1003 sub
1265 937 1341 1002 anui
1363 936 1525 1024 Olympici
1548 938 1668 1002 exitium
1695 921 1839 1004 urontuus
1860 950 1941 1018 erat,

420 1041 483 1107 iam
504 1042 575 1107 lieri
594 1063 662 1106 nou
683 1041 784 1124 potuit
804 1039 897 1106 aliter
914 1062 1011 1127 quam
1031 1053 1065 1108 ut
1080 1039 1205 1106 Philisti
1220 1041 1418 1128 Dionysiaca
1435 1042 1627 1126 posteriora,
1649 1043 1829 1126 proximum
1851 1041 1940 1108 deiu-

420 1165 502 1230 oeps
524 1144 696 1228 complexa
712 1144 858 1230 Dionysii
880 1143 936 1209 lilii
951 1144 1212 1234 quinquennium,
1234 1165 1320 1212 auno
1338 1144 1389 1213 01.
1404 1145 1487 1212 0111.
1504 1147 1649 1210 secundo
1670 1145 1711 1210 ad
1734 1146 1851 1210 exitum
1866 1167 1939 1210 uer-

420 1249 521 1334 gente
539 1260 571 1314 et
593 1249 666 1334 ipsa
686 1247 860 1314 linirentur.

505 1349 603 1422 XV·
646 1353 737 1427 Quae
759 1373 855 1438 quum
876 1352 921 1418 ita
942 1351 1022 1430 siut,
1044 1349 1207 1437 aliquanto
1229 1352 1361 1438 gruum
1383 1352 1530 1418 videatur
1552 1352 1638 1438 quod
1656 1351 1789 1417 Rettero
1811 1351 1938 1444 611101-

419 1456 474 1522 dio
494 1457 618 1540 primus
639 1455 787 1522 Athenae
813 1455 896 1522 liber
917 1475 1020 1539 usque
1043 1457 1085 1520 ad
1107 1455 1159 1522 Ol.
1173 1455 1255 1522 CVl.
1271 1457 1308 1521 2:
1330 1477 1359 1520 a.
1375 1454 1450 1520 Chr.
1466 1477 1497 1520 n.
1519 1455 1583 1521 355
1610 1457 1833 1521 exteurdeudus
1859 1468 1938 1521 erat.

419 1559 580 1627 Videlicet
601 1559 712 1644 quaeri
735 1559 839 1642 possit
860 1561 1021 1646 quomodo
1047 1556 1167 1624 lactum
1192 1559 1234 1624 sit
1254 1567 1311 1638 ut,‘
1334 1579 1431 1645 quurn
1454 1557 1517 1623 Dio
1544 1547 1662 1624 bellum
1685 1571 1796 1626 conoe
1818 1549 1939 1645 Diony·

419 1664 503 1730 sium
528 1663 743 1748 posteriorem
770 1661 821 1729 01.
845 1661 912 1729 CV.
937 1664 974 1728 l:
1001 1683 1029 1728 a.
1047 1660 1123 1728 our.
1143 1685 1174 1728 ιι.
1201 1664 1266 1729 357
1293 1683 1418 1732 summa
1445 1673 1570 1728 aestate
1596 1663 1798 1755 suscepisset
1823 1663 1938 1741 (Diod.

418 1767 505 1834 XVl.
516 1767 547 1834 9.
564 1765 637 1831 Plut
659 1766 752 1831 Dion.
763 1763 834 1848 23),
856 1765 1002 1833 Athoous
1023 1765 1087 1832 hoc
1109 1767 1270 1832 biennium
1288 1787 1310 1830 a
1331 1754 1452 1832 maiore
1469 1783 1606 1850 corpore
1620 1767 1826 1852 disiungeret
1869 1765 1936 1832 Sed

417 1870 481 1937 hoo
504 1871 546 1936 de
572 1891 609 1935 re
632 1871 707 1957 quid
735 1871 938 1934 statuendum
963 1869 1005 1938 sit
1034 1891 1130 1955 quum
1153 1871 1293 1954 pendeat
1314 1891 1356 1936 ex
1383 1869 1437 1936 illa
1464 1869 1633 1954 superiore
1655 1871 1845 1956 quaestione
1872 1883 1936 1956 quo

419 1995 504 2040 anuo
530 1973 681 2060 Dionysii
706 1973 898 2058 posterioris
925 1973 1015 2058 prior
1043 1975 1189 2059 tyrannis
1215 1974 1344 2040 exierit:
1371 1973 1564 2040 Plutarchus
1591 1974 1662 2038 eius
1689 1975 1804 2040 decem
1833 1993 1936 2040 annos

374 2077 382 2100 ¹
417 2077 871 2146 numerusnumerous.
894 2077 964 2144 siue
980 2078 1075 2144 dubio
1096 2078 1192 2144 linem
1214 2078 1269 2144 ille
1290 2078 1419 2163 quidem
1441 2077 1474 2144 iu
1489 2077 1540 2144 Ol.
1556 2075 1624 2144 CV.
1637 2079 1675 2144 4:
1696 2098 1726 2142 a.
1738 2075 1814 2142 Chr.
1824 2099 1856 2142 n.
1872 2078 1936 2144 1157

418 2183 539 2268 posuit3
562 2180 677 2246 Diouis
698 2182 837 2246 adventu
861 2182 946 2246 euim
969 2193 1138 2268 tyrannum
1160 2192 1288 2247 exumm
1308 2180 1447 2266 imperio
1468 2182 1607 2246 rebatur.
1651 2182 1793 2247 atvero
1815 2179 1936 2248 Diodo-

417 2309 474 2352 rus
489 2287 584 2351 aliam
599 2285 757 2350 rationem
778 2285 872 2350 nobis
886 2285 1059 2352 ineundam
1080 2307 1158 2352 esse
1175 2288 1280 2352 docet.
1324 2285 1429 2359 Quum
1449 2284 1535 2350 enim
1557 2286 1740 2351 cessisse
1762 2284 1936 2372 Syracusis

418 2389 468 2457 01.
483 2389 564 2456 CVl.
584 2391 619 2454 l:
642 2386 890 2474 ιι.(11ιι.ιι.35)
911 2390 1041 2454 demum
1064 2401 1097 2455 et
1118 2387 1310 2474 Dionysium
1332 2389 1438 2473 ipsum
1461 2400 1568 2454 narret
1591 2389 1761 2469 (1111117.
1783 2387 1833 2454 oe
1853 2388 1909 2454 Ρ1ιι
1926 2439 1933 2453 .

418 2495 512 2560 Dion.
526 2495 577 2561 37.
602 2494 710 2558 lustin.
725 2493 811 2557 XXl.
828 2493 868 2569 D)
892 2504 924 2558 et
945 2492 1078 2558 militum
1102 2491 1391 2569 mercenariorum,
1420 2486 1535 2578 qm‘bus
1557 2490 1786 2576 Apollocrates
1809 2404 1941 2580 tyran&

414 2599 499 2666 lilius
522 2598 686 2678 (Perizon.
708 2597 749 2660 ad
764 2595 890 2662 Aelian.
912 2585 1126 2662 11111141.
1142 2595 1180 2677 2)
1203 2592 1341 2679 prael'uit
1363 2595 1463 2676 (Plut.
1480 2595 1576 2661 Dion.
1591 2595 1643 2661 3⁷.
1657 2595 1710 2662 50.
1737 2594 1836 2665 Corn.
1851 2599 1935 2683 Nep.

414 2702 548 2769 Dion.5.
561 2699 670 2780 extr.)‚
692 2699 837 2766 relictum
860 2699 893 2764 iu
914 2719 991 2764 arce
1015 2699 1212 2784 praesidium
1229 2683 1342 2780 (Diod.
1352 2701 1437 2766 XVl.
1445 2701 1520 2780 aot:
1541 2699 1776 2780 rectissime²⁸l
1798 2701 1934 2768 Wesse·

415 2807 534 2892 liugius
550 2827 581 2870 ιι.
591 2805 645 2870 711.
661 2805 701 2868 ad
718 2801 822 2868 solam
839 2802 981 2886 priorem
1003 2802 1109 2868 retulit
1124 2802 1336 2888 tyrannidem,
1359 2803 1445 2888 quod
1466 2804 1508 2868 de
1522 2803 1693 2868 duodecim
1710 2803 1935 2870 dominationis

414 2909 509 2975 anuis
536 2908 699 2990 scriptum
717 2904 833 2989 legitur
858 2907 944 2990 apud
973 2909 1111 2972 eundem
1132 2905 1202 2972 XV.
1222 2907 1272 2971 73.
1296 2919 1376 2972 extr.
1397 2902 1485 2992 „ripe
1506 2905 1548 2971 di
1572 2902 1677 2993 ἀρχὴν
1698 2905 1936 2991 διαδεξάμενος

413 3007 525 3087 dultia
545 3005 720 3082 Διονύσιος
743 2999 986 3098 'dropoivveooev
1008 3009 1065 3096 ἔτη
1092 3007 1288 3076 tuorna?
1306 3047 1347 3056 —
1387 3009 1551 3076 Diodorus
1572 3031 1653 3098 ergo
1676 3012 1770 3076 istoru
1791 3007 1934 3077 strnditus

413 3113 615 3203 tyrannidem
635 3133 701 3176 non
722 3112 820 3178 multo
840 3124 916 3179 onte
938 3114 989 3180 01.
1008 3112 1088 3180 CVl.
1105 3115 1193 3180 Dra.
1209 3112 1283 3178 Chr.
1298 3135 1329 3178 n.
1351 3113 1414 3180 355
1442 3135 1594 3179 eversam
1615 3137 1693 3180 esse
1714 3104 1826 3199 putat.
1861 3116 1934 3181 Hoc

414 3228 521 3284 autem
543 3215 729 3282 confirmato
748 3228 781 3281 et
802 3215 941 3283 stabilito
957 3239 1023 3284 non
1039 3217 1135 3282 modo
1156 3238 1222 3282 uon
1238 3216 1352 3282 mirum
1369 3205 1445 3296 erit,⁴
1468 3217 1527 3282 seul
1548 3215 1662 3283 tulisse
1683 3239 1740 3284 res
1756 3217 1828 3301 ipsa
1842 3219 1932 3284 vide·

413 3322 496 3386 uitur
523 3331 558 3385 ut
585 3320 688 3385 semel
713 3333 946 3404 persecuturus
977 3319 1101 3387 Philisti
1128 3320 1327 3407 Dionysiaca
1358 3321 1541 3405 posteriora
1567 3318 1715 3386 Athenas
1742 3333 1815 3386 ante
1846 3319 1932 3386 hrruc

411 3424 582 3492 terminum
603 3423 754 3490 insistere
775 3421 904 3490 omnino
926 3423 1036 3490 nollet.

467 3567 470 3574 ‚
497 3523 621 3596 ΧΠ.
665 3526 785 3592 Verum
801 3528 842 3592 de
858 3548 895 3592 re
911 3527 986 3612 ipsa
1000 3527 1126 3592 etiamsi
1147 3526 1241 3592 nobis
1263 3527 1496 3611 propemodum
1515 3547 1710 3594 concessum
1731 3528 1800 3608 erit,
1823 3540 1944 3594 tauren-

412 3652 530 3696 veroor
550 3651 591 3694 ne
616 3629 667 3695 cui
689 3630 861 3716 scrupulus
878 3643 1004 3697 restare
1028 3629 1133 3696 adhue
1155 3632 1186 3695 iu
1202 3631 1334 3695 Diodori
1353 3631 1464 3697 uerbis
1479 3629 1634 3696 videatur.
1670 3633 1753 3696 Nam
1774 3631 1930 3717 interpre-

411 3724 488 3800 tatio
509 3745 622 3799 nostra
644 3734 688 3798 ita
708 3745 828 3799 tantum
850 3734 927 3800 uilnl
949 3734 1152 3800 dubitationis
1177 3733 1328 3813 haberet,
1351 3734 1379 3800 si
1403 3733 1473 3814 ille,
1498 3735 1643 3819 quaeda
1665 3734 1793 3802 Athana
1814 3735 1931 3816 retulit,

411 3860 476 3904 nou
494 3839 554 3902 sub
570 3836 620 3902 01.
632 3835 715 3902 ClV.
727 3837 763 3904 3:
779 3837 890 3905 o.Chr.
900 3861 931 3904 n.
948 3841 1010 3906 362
1026 3839 1199 3917 retulisset,
1215 3841 1275 3904 sed
1290 3839 1396 3924 potius
1413 3839 1472 3904 suli
1486 3837 1536 3905 01.
1548 3837 1605 3904 CV
1608 3839 1630 3904 l.
1643 3841 1678 3904 l:
1693 3835 1843 3906 aChrm.
1855 3839 1931 3919 351,

411 3954 445 4007 ut
466 3953 587 4006 emtum
612 3933 720 4004 locum
742 3962 876 4026 ponam,
898 3943 984 4008 XVl.
1000 3944 1042 4010 90
1064 3941 1143 4007 extr.
1169 3977 1206 3988 --
1240 3943 1284 4008 Ut
1304 3963 1389 4008 nuno
1409 3963 1465 4008 res
1487 3964 1524 4007 se
1549 3941 1660 4020 habet,
1685 3954 1929 4027 assumptum

411 4046 570 4128 reperitur
595 4042 673 4123 dici,
705 4047 791 4130 quod
817 4047 957 4129 positum
984 4047 1088 4110 intro
1114 4067 1187 4110 eum
1214 4045 1383 4111 tertulinum
1409 4055 1494 4126 erat,
1521 4067 1542 4110 a
1569 4067 1632 4131 quo
1655 4044 1818 4111 Diodorus
1846 4065 1930 4126 opus

409 4147 590 4216 Athuneum
606 4148 776 4213 deductum
797 4146 901 4215 fuisse
917 4141 1105 4234 scripserat.
1152 4149 1217 4214 Sed
1238 4147 1320 4212 haee
1337 4145 1508 4214 dillicultas
1524 4149 1676 4232 expedita
1693 4149 1764 4228 erit,
1787 4151 1815 4216 si
1832 4149 1930 4215 ruodo

413 4269 618 4282 —u-——u—

445 4308 492 4386 ²⁸)
513 4309 618 4387 Neque
640 4310 720 4369 euim
739 4341 777 4350 -
805 4309 885 4386 quod
903 4327 975 4386 pace
998 4311 1070 4368 lauti
1089 4310 1143 4368 viri
1166 4308 1288 4368 dixerim
1309 4313 1422 4392 -laut
1437 4308 1496 4368 los.
1509 4293 1678 4385 Scaligorus
1696 4308 1860 4370 audiendus
1882 4313 1931 4368 ost

514 4397 545 4454 in
562 4396 698 4456 Animad.
715 4396 751 4456 ad
765 4395 876 4455 Euseb.
894 4413 921 4472 p.
937 4393 1005 4454 124.
1028 4399 1080 4454 aiut
1100 4396 1175 4455 adeo
1189 4395 1262 4454 Ern.
1274 4395 1330 4454 Ad.
1341 4393 1490 4455 Salomon.
1528 4394 1573 4456 De
1591 4395 1722 4456 Platonis
1744 4413 1822 4472 quae
1839 4394 1930 4472 vulgo

387 4553 390 4558 Ι
514 4481 651 4542 seruntur
673 4481 805 4560 epistolis
823 4475 934 4562 (Progr.
950 4482 1080 4542 Berolin.
1100 4473 1191 4560 1835)
1215 4501 1243 4559 p.
1264 4479 1311 4552 12,
1334 4482 1371 4541 de
1393 4485 1479 4544 ouius
1496 4487 1645 4560 perversis
1663 4483 1717 4542 heo
1739 4481 1769 4541 iu
1791 4499 1824 4540 re
1840 4483 1929 4540 ratio-

513 4569 601 4628 nibus
624 4567 680 4628 alio
703 4567 768 4627 loeo
791 4569 957 4630 accuratius
981 4569 1067 4652 uobis
1089 4568 1307 4647 anquirendum
1331 4570 1395 4628 orit.
1529 4592 1535 4608 ¹
1707 4594 1710 4599 ·
1826 4590 1827 4599 ¹
