4358 5288
1146 455 1271 606 ro'

277 680 283 688 ”
414 701 539 778 locum,
567 699 621 785 551
642 699 702 764 555
723 696 892 764 Athanidis
914 697 1042 762 nomine
1069 707 1218 762 servatus
1245 685 1287 762 55
1307 695 1494 776 American,
1522 695 1680 762 5155115555
1703 706 1780 780 post
1800 695 1927 764 Bonan·

352 877 357 886 ‚
419 826 494 870 num
514 815 548 869 et
564 801 716 867 Vossium
737 799 770 865 ll.
786 821 835 867 cc.
857 821 877 866 a
896 801 1058 870 Palmerio
1079 801 1142 866 iam
1156 800 1379 888 Wessehngio
1399 803 1443 866 55
1463 797 1558 866 Diod.
1573 800 1647 866 XV.
1663 796 1715 868 94.
1736 821 1767 866 n.
1782 801 1835 866 54.
1856 821 1928 885 per·

419 907 529 986 suasit,
552 904 735 986 „Athanam
755 925 811 970 res
826 904 1120 989 maioris'llionysii
1141 905 1282 988 primore
1296 903 1478 970 Siculorum
1498 925 1606 972 rerum
1627 903 1710 970 libro
1729 904 1834 970 obiter
1858 924 1929 988 per·

419 1009 590 1078 effinxisse
612 1021 645 1074 et
661 1011 701 1074 de
720 1010 847 1094 poetico
864 1009 934 1074 5155
956 1008 1060 1072 studio
1081 1007 1263 1093 inepti'sque
1278 1008 1450 1073 verborum
1466 1007 1754 1092 compositionibus
1771 1009 1929 1093 quaedam

418 1107 673 1180 admiscuisse&
708 1111 788 1204 Sunt
809 1124 915 1177 autem
939 1113 991 1176 111.
1008 1111 1060 1202 54.
1081 1133 1112 1195 p.
1126 1111 1178 1177 98.
1195 1109 1236 1176 D.
1256 1109 1339 1176 haec
1360 1111 1433 1194 ipsa
1454 1109 1614 1176 Athenaei
1634 1111 1750 1178 verba:
1776 1106 1930 1191 „hadom

416 1213 447 1282 d⁰
464 1216 503 1284 ἐν
517 1211 637 1302 πρώτῳ
654 1215 831 1283 Σικελικῶν
847 1215 907 1282 τδν
928 1209 1030 1279 αὐτόν
1047 1233 1129 1300 φησι
1145 1211 1325 1281 Διονύσιον
1345 1220 1401 1279 καὶ
1421 1212 1482 1281 τδν
1502 1217 1583 1299 βοῦν
1599 1210 1794 1298 γορόκον“)
1816 1215 1928 1282 καλεῖν

418 1317 554 1389 καὶτὸν
575 1326 687 1402 χοῖρον
709 1320 863 1400 11τκχον.“
904 1318 1017 1386 Aede
1039 1316 1102 1382 hoc
1125 1319 1251 1403 quidem
1265 1315 1436 1384 Athanidis
1451 1315 1634 1404 fragmento
1648 1337 1731 1403 5555
1753 1329 1866 1384 555155
1887 1319 1930 1386 ait

414 1423 577 1490 sententia
603 1421 685 1488 alius
708 1423 916 1508 opportunior
941 1416 1001 1487 erit
1028 1419 1208 1506 explicandi
1236 1421 1345 1488 locus:
1373 1423 1432 1488 sed
1460 1421 1718 1508 qrrondoquidem
1737 1421 1929 1507 Dionysium

419 1529 559 1612 priorem
581 1525 661 1592 haee
682 1527 754 1610 ipso
776 1537 912 1612 argutmt
938 1507 1065 1590 lamosa
1085 1527 1202 1608 poetae
1228 1525 1309 1610 regii
1331 1525 1521 1590 scitamenta
1546 1524 1707 1607 (Meinek.
1728 1524 1928 1610 11555555-

418 1632 519 1696 rionis
548 1633 601 1696 vit
624 1641 656 1696 et
685 1631 814 1712 scriptis
840 1652 872 1713 p.
889 1629 1006 1694 162-
1024 1629 1154 1710 16511),
1175 1661 1217 1676 -
1252 1629 1390 1714 Kayser.
1407 1629 1526 1694 Histor.
1544 1629 1616 1694 erit.
1639 1628 1788 1715 tragicor.
1810 1629 1929 1696 Graec.

419 1756 450 1819 p.
467 1735 654 1800 271-275
668 1734 746 1815 ’1)1,
774 1731 966 1800 Boettchero
989 1729 1065 1798 nihil
1088 1733 1226 1817 optatius
1247 1752 1323 1798 esse
1346 1731 1446 1815 potuit
1460 1753 1555 1817 quam
1577 1743 1612 1798 ut
1631 1753 1695 1819 555
1712 1733 1830 1800 dudum
1850 1753 1927 1798 eon·

418 1838 552 1917 iactum,
576 1839 692 1904 eodem
712 1837 776 1902 iam
799 1859 835 1902 re
857 1837 930 1920 ipsa
951 1837 1107 1902 deductus
1128 1835 1298 1902 rideretur.
1966 1907 1974 1922 ρ

501 1939 558 2010 X.
600 1941 722 2006 Verum
742 1941 883 2018 etiarnsi,
912 1959 993 2024 quae
1016 1937 1179 2004 Diodorus
1207 1940 1247 2004 de
1270 1938 1374 2021 primo
1392 1936 1540 2005 Athenae
1565 1938 1648 2004 libro
1672 1940 1827 2032 prodidit.
1853 1959 1925 2006 sen·
2008 1957 2015 1971 ¹

418 2045 534 2110 tentiae
547 2043 812 2108 Boettcherianae
827 2065 891 2107 non
907 2045 1035 2108 omnino
1050 2041 1264 2127 refragantur,
1281 2041 1490 2128 suffragantia
1509 2043 1605 2108 etiam
1616 2079 1659 2090 -
1674 2044 1821 2110 videntur
1838 2055 1927 2108 certe

418 2147 603 2233 suffragari,
626 2168 708 2232 5555
730 2148 875 2232 reposuit
893 2147 967 2212 inde
982 2145 1185 2212 Athenaeus:
1207 2139 1314 2210 tamen
1335 2167 1376 2212 5ο
1396 2145 1484 2212 labat
1504 2158 1569 2212 tota
1594 2147 1679 2232 5555
1700 2167 1815 2232 param
1833 2146 1927 2212 firmo

417 2251 524 2326 aititur
546 2248 762 2316 fundamento.
803 2251 887 2315 Nam
903 2247 1026 2320 Philisti
1042 2247 1240 2333 Dionysiaca
1261 2249 1369 2332 priora
1390 2247 1580 2334 imperfecta
1594 2247 1697 2316 luisse
1712 2249 1927 2322 Boettcherus

418 2365 537 2420 tautum
558 2356 652 2420 abest
672 2365 705 2418 ut
726 2363 813 2418 certe
835 2351 967 2433 efficiat,
995 2363 1162 2417 uteorum
1184 2353 1375 2419 sententiam
1395 2353 1584 2438 impugnare
1614 2354 1693 2420 satis
1713 2352 1846 2433 haheat,
1872 2353 1925 2439 qui

416 2457 540 2524 Philisti
561 2457 759 2544 Dionysiaca
784 2456 893 2539 priora
914 2477 1017 2541 usque
1039 2457 1080 2548 ad
1102 2455 1250 2542 Dionysii
1275 2456 1393 2540 prioris
1417 2467 1553 2522 mortem
1578 2449 1735 2540 perducta
1757 2455 1862 2530 fuisse
1884 2477 1927 2523 ax
1964 2463 1967 2468 '

416 2583 458 2628 5ο
480 2561 649 2646 colligant,
679 2560 763 2645 quod
790 2559 928 2642 scriptor
952 2559 1006 2624 ille
1033 2557 1128 2626 huius
1149 2560 1283 2646 ¹tyranni
1309 2556 1407 2624 15555
1433 2579 1506 2624 eam
1527 2571 1641 2626 ornatu
1667 2562 1738 2647 rogi
1760 2561 1926 2644 copiosius

416 2665 634 2748 explicavisse
652 2663 774 2728 dicatur
795 2661 953 2743 (Goeller.
972 2662 995 2728 l.
1011 2683 1039 2727 c.
1059 2685 1092 2746 p.
1110 2664 1182 2730 126.
1199 2665 1269 2730 127.
1286 2647 1362 2730 132.Ι
1391 2661 1497 2729 Carol.
1512 2675 1545 2729 et
1559 2663 1680 2730 Theod.
1695 2663 1842 2730 Mullerr.
1859 2663 1881 2730 l.
1896 2684 1927 2730 e.

418 2790 449 2850 p.
464 2767 623 2841 Xthil).
672 2766 738 2831 Sed
760 2787 855 2850 quum
875 2763 999 2832 funeris
1019 2765 1104 2832 illius
1126 2764 1344 2850 splendorem,
1367 2777 1401 2831 ut
1421 2765 1554 2834 Timaeo
1578 2757 1743 2832 materiem
1769 2769 1811 2832 55
1832 2787 1926 2834 oma-

418 2881 483 2934 tum
509 2869 655 2951 praebuit
681 2867 840 2947 (Goeller.
859 2867 924 2934 15.
946 2869 1053 2954 Frgm.
1068 2867 1167 2936 XCV.
1190 2891 1221 2954 p.
1237 2868 1310 2936 282.
1341 2869 1508 2936 Foertsch.
1524 2871 1739 2946 Quaestiones
1759 2871 1925 2938 'lhllianae

419 2969 543 3057 (Ptogr.
553 2969 839 3057 11551555511837)
856 2993 888 3055 p.
902 2972 1022 3051 1-5),
1039 2972 1118 3038 5155
1130 2971 1263 3042 Philisto
1276 2991 1401 3058 quoque
1414 2973 1610 3040 celebratum
1622 2995 1698 3066 5555
1709 2975 1773 3039 duo
1786 2975 1925 3040 maxime

418 3078 636 3142 demonstrent
658 3074 735 3140 loci:
757 3071 842 3140 alter*
853 3073 1014 3140 Plutarchi
1029 3074 1173 3158 Pelopid.
1189 3075 1232 3142 34
1248 3075 1314 3140 init.
1342 3072 1518 3156 ,,Ἐκείνιον
1539 3075 1576 3140 δὲ·
1597 3079 1665 3143 τῶν
1680 3080 1799 3164 ταφῶν
1813 3078 1927 3159 <Pero-

417 3178 530 3264 pidae)
546 3173 584 3245 55
600 3177 753 3272 δοκοῦσιν
770 3181 879 3266 ἕτεραι
900 3171 1128 3263 λαμπρότερὰι
1142 3163 1302 3259 γενέσθαι
1315 3187 1384 3252 τοῖς
1399 3177 1438 3244 τδ
1460 3177 1615 3264 λαμπρὸν
1636 3175 1695 3246 οὔκ
1715 3180 1753 3248 ἐν
1765 3181 1925 3268 ἐλέφαντι

418 3291 474 3348 καί
495 3284 604 3370 χρυσῷ
626 3287 681 3346 καί
695 3277 880 3366 πορφύραις
901 3283 987 3348 εἶναι
1004 3281 1207 3365 νομίζουσιν,
1229 3279 1335 3371 ὥςπερ
1357 3283 1514 3356 Φίλιστος
1536 3275 1651 3366 ὑμνῶν
1669 3291 1725 3350 καὶ
1740 3281 1926 3369 θαυμάζων
1999 3318 2002 3328 ·

416 3386 478 3470 τὴν
493 3389 670 3467 Διονυσίου
693 3381 823 3470 ταφήν,
847 3383 917 3468 οἷον
940 3385 1123 3472 τραγῳδίας
1143 3382 1283 3470 μεγάλης
1304 3388 1360 3472 τῆς
1380 3375 1574 3471 τορὶιννίδος
1599 3383 1726 3466 ἐξόδιον
1745 3387 1928 3474 θεατρικὸν

218 3487 223 3546 ἰ
303 3555 305 3560 ,
419 3489 701 3574 γενομέν5ν“-,·
726 3489 807 3554 alter
829 3487 971 3555 Theonis
992 3489 1165 3574 Progymn.
1188 3511 1216 3555 c.
1237 3491 1268 3556 2.
1292 3489 1341 3554 11.
1365 3509 1398 3573 p.
1414 3490 1464 3555 19.
1486 3490 1545 3560 Ed.
1565 3490 1676 3556 Heius.
1707 3491 1923 3577 ,,1χομεν...
1975 3569 1976 3574 1

184 3651 186 3658 ⁴
294 3597 301 3606 '
418 3601 475 3659 καὶ
497 3591 592 3680 παρὰ
614 3591 761 3678 Φιλίστῳ
843 3591 880 3658 ἐν
895 3639 922 3658 ..
942 3594 981 3686 τῇ
998 3587 1035 3656 ια’
1055 3591 1207 3674 (Finchh.
1223 3588 1397 3686 ἑνδεκάτῳ)
1417 3589 1461 3657 τὰ
1481 3600 1559 3678 περὶ
1581 3589 1640 3678 τήν
1660 3591 1923 3680 ἐκφορᾶν’(1)15-

419 3696 519 3784 nysii)
542 3703 597 3762 καὶ
621 3697 677 3780 τῆς
698 3698 805 3780 πυρᾶς
826 3692 886 3780 τὴν
906 3695 1177 3760 ποικιλίονι“-
1197 3694 1410 3762 Boettcherus
1431 3717 1589 3764 summam
1603 3695 1821 3765 difficultatem
1836 3700 1924 3766 vide·

419 3814 470 3866 tur
489 3799 688 3877 declinasse,
710 3819 806 3884 quum
825 3798 890 3864 loci
902 3797 1045 3864 Theonei
1061 3788 1254 3864 mentionem
1273 3821 1407 3884 prorsus
1424 3799 1591 3877 omitteret.
1633 3799 1824 3870 Plutarchus
1839 3803 1923 3878 enim

269 3930 272 3938 ·
366 3939 370 3951 -
419 3905 462 3970 ita
482 3923 552 3968 reru
572 3914 681 3967 narrat
702 3913 737 3966 ut
757 3902 834 3968 nihil
848 3923 929 3968 saue
949 3901 1102 3991 impediat
1123 3902 1291 3988 quominus
1303 3901 1467 3984 Philistus,
1480 3903 1678 3990 *siDionysii
1692 3905 1811 3988 prioris
1826 3907 1922 3972 vitam

451 4061 495 4138 ¹²)
524 4059 878 4223 chsslummffiffilgmm
902 4081 919 4122 5
940 4061 1081 4122 Meinekii
1109 4063 1276 4140 suspicione
1305 4047 1438 4124 55155511
1463 4062 1592 4125 Loheek.
1615 4061 1807 4144 aglaopnam.
1835 4063 1868 4125 T.
1884 4063 1922 4125 ll.

524 4167 552 4227 p.
632 4191 640 4206 .
663 4167 692 4208 u.
773 4191 780 4208 .

451 4249 495 4327 ¹³)
522 4237 568 4312 115
589 4253 671 4330 poesi
699 4251 848 4330 tyrannica
874 4251 945 4328 quid
966 4249 1105 4329 praebeat
1130 4252 1208 4311 idern
1230 4251 1340 4312 Hister.
1363 4254 1427 4313 crit.
1450 4254 1588 4314 comitor.
1612 4253 1662 4316 Gr.
1684 4273 1714 4334 p.
1732 4251 1808 4326 352,
1830 4271 1923 4332 quum
1973 4239 1977 4250 ’

524 4337 630 4398 librum
654 4355 714 4396 non
734 4337 770 4398 55
793 4355 913 4396 manum
937 4336 1074 4411 habeam,
1096 4355 1310 4415 recognoscere
1334 4341 1398 4417 ipse
1423 4357 1483 4400 non
1505 4357 1637 4418 possum.

451 4438 499 4516 Ν)
524 4439 606 4502 llaec
620 4442 674 4518 551
695 4439 808 4518 legerit,
830 4441 954 4518 probare
975 4458 1036 4502 non
1056 4443 1164 4521 poterit
1185 4443 1263 4521 quod
1286 4448 1355 4504 uter
1374 4443 1535 4521 Dionysius
1552 4443 1696 4505 Athenaei
1720 4441 1786 4503 loco
1808 4443 1924 4506 dicatur

521 4526 636 4624 duhitat
654 4527 744 4588 etiarn
759 4527 815 4590 Gu.
828 4526 1000 4588 Diodorhus
1020 4529 1052 4592 15
1069 4529 1165 4590 155155
1181 4528 1510 4608 Schweighaeuserirno
1532 4549 1557 4592 s.
1573 4551 1599 4592 v.
1614 4530 1776 4608 Dionysius
1793 4529 1922 4594 Siculus.
