4358 5288
976 535 1015 631 ἶ.

230 727 321 794 een
342 713 609 812 opetsrltlmt
627 723 772 808 panibus
791 724 877 791 xnr.
892 724 963 795 lca.
979 725 1064 792 mee
1081 726 1123 790 ar
1143 674 1229 792 luno
1245 727 1376 794 noem
1397 723 1561 811 emano
1582 724 1692 806 „rso
1707 725 1743 792 ιι

232 834 449 918 συγγραφέων
468 830 626 905 Φίλιστος
647 827 709 916 τὴν
729 825 864 915 πρώτην
884 825 1043 909 σύνταξιν
1062 831 1132 896 τῶν
1147 831 1326 900 Σικελικῶν
1347 831 1395 906 εἰς
1414 832 1534 898 τοῦτον
1554 829 1615 898 τὸν
1636 829 1746 898 traco-

230 933 291 1003 τὸν
309 935 378 1019 (ολ
394 933 507 1003 XGlll.
528 935 576 1001 82·
586 954 616 998 a.
631 931 706 1000 Gir.
723 953 755 998 u.
769 929 852 1017 lot)
874 935 1123 1022 cattorosco.
1146 935 1193 1010 εἰς
1214 933 1275 1022 τὴν
1291 931 1508 1024 Ἀκράγαντος
1530 931 1676 1016 ἅλωσιν,
1705 933 1743 1000 έν
1871 992 1876 1012 ,

228 1040 362 1125 βιβλίοις
383 1035 472 1106 lma
487 1035 634 1104 doleas
654 1033 776 1124 χρόνον
790 1036 876 1104 trev
897 1036 1004 1104 πλείω
1023 1039 1094 1104 τῶν
1116 1033 1334 1106 ὀκτακοσίων·
1356 1041 1415 1125 τῆς
1435 1037 1473 1106 δὲ
1494 1037 1651 1124 δευτέρας
1667 1059 1745 1106 σαν·
1826 1117 1831 1128 1

231 1139 352 1222 τάξεως
378 1140 439 1229 τὴν
464 1147 527 1227 μὲν
551 1138 668 1229 dordr».
681 1137 752 1208 ἀπὸ
778 1142 836 1226 τῆς
861 1143 1026 1228 προτέρας
1052 1140 1207 1228 τελευτῆς
1227 1138 1435 1228 ζπεποίγται,
1462 1146 1606 1230 γέγραφε
1634 1141 1670 1208 dl·
1697 1147 1743 1226 βί·
1868 1133 1874 1148 ’

230 1248 325 1332 βίους
346 1246 561 1333 ιέσσοιραςι“
585 1245 714 1311 tertium
739 1243 817 1310 illud
842 1245 887 1310 dc
905 1243 1064 1330 Dionysio
1090 1245 1271 1330 posteriorc
1298 1244 1449 1312 volumen
1479 1247 1513 1312 in
1539 1248 1654 1313 eodem
1681 1267 1744 1333 quc

230 1350 389 1420 Adranam
410 1349 493 1416 libro
513 1358 686 1430 memorat,
714 1347 769 1414 vix
790 1349 930 1435 mrinque
957 1348 998 1414 ab
1020 1348 1089 1414 hoc
1105 1349 1264 1432 capitibus
1285 1349 1474 1416 seiunctum.
1518 1351 1743 1432 ,,Φίλιστος,“

230 1455 366 1523 mcxv.
388 1456 442 1522 89.
462 1465 559 1534 extr„
582 1451 653 1534 „rol
674 1457 753 1540 περί
773 1447 953 1518 Διονύσιον
970 1449 1033 1518 τὸν
1053 1447 1215 1538 νεώτερον
1238 1445 1303 1520 olda
1324 1453 1393 1536 (01.
1410 1453 1492 1520 ΟΝ.
1512 1456 1549 1520 lt
1575 1475 1605 1520 a.
1623 1453 1698 1520 (lu.
1714 1477 1744 1520 a.
1801 1503 1806 1508 -

229 1555 311 1640 ddi)
327 1561 543 1646 κατέστρεφε,
565 1553 711 1623 comeo
725 1555 781 1642 req
795 1559 898 1623 πέντε
913 1554 952 1624 ἐν
965 1555 1087 1642 βίβλοις
1099 1555 1198 1624 dvctv
1210 1555 1263 1639 ¹⁰).
1291 1542 1383 1624 llaec
1402 1558 1498 1644 igitur
1518 1559 1548 1624 si
1563 1559 1635 1644 quis
1649 1579 1743 1642 repu-

230 1663 357 1744 tarent,
381 1661 460 1727 illud
482 1657 628 1746 prolecto
648 1658 821 1746 intelliget,
841 1657 921 1724 nihil
942 1660 1090 1744 potuisse
1111 1662 1284 1728 absurdius
1305 1683 1383 1730 esec
1405 1683 1500 1750 quam
1516 1662 1552 1728 ei
1570 1661 1743 1740 Diodorus.

230 1767 497 1854 quemdmcdum
519 1763 651 1848 putabat
669 1763 826 1850 lleynius,
850 1763 936 1851 quod
960 1773 1089 1846 tempus
1110 1784 1130 1828 a
1149 1763 1284 1832 Philisto
1305 1785 1408 1852 opere
1428 1763 1584 1852 singulari
1606 1765 1744 1832 illustra-

211 1881 295 1937 -turn
315 1867 419 1964 fcispc
440 1867 561 1934 diserte
581 1861 906 1952 pronunciaverat-
925 1869 1012 1936 idem
1032 1868 1097 1934 iam
1111 1867 1186 1936 ltuic
1206 1869 1356 1957 scriptori
1376 1869 1613 1955 inscriptum
1634 1869 1744 1936 dicere

228 1995 293 2042 uon
314 1973 502 2040 marasse.

314 2077 395 2146 vl.
436 2077 509 2144 lluc
528 2075 656 2142 accedit
669 2075 755 2162 quod
769 2073 823 2140 vel
836 2075 870 2141 in
888 2076 1112 2161 computandis
1127 2089 1254 2162 septem
1267 2075 1332 2144 illis
1346 2077 1452 2158 aunis,
1474 2097 1608 2163 quornm
1622 2097 1743 2143 memo·
1796 2085 1802 2098 ’

226 2181 308 2246 riam
328 2201 394 2247 uno
415 2179 562 2246 Athenas
587 2179 670 2246 libro
689 2179 868 2270 colligcsse
889 2179 1018 2272 οἱοὶερε,
1047 2179 1180 2246 rationis
1201 2181 1387 2267 lleyuicuce
1409 2179 1552 2266 pravitas
1573 2181 1605 2246 iu
1629 2181 1742 2248 oculos

227 2285 370 2352 incurrit.
412 2285 496 2351 Nam
516 2285 558 2348 de
581 2283 739 2350 subducta
758 2303 780 2348 a
801 2283 945 2350 Diodoro
970 2295 1097 2368 septem
1119 2304 1275 2350 annorum
1297 2303 1423 2350 summe
1442 2303 1556 2368 parum
1577 2283 1633 2348 illo
1655 2284 1743 2351 solli·

227 2389 311 2454 citus
336 2387 369 2453 id
395 2393 518 2454 mutum
545 2387 613 2474 egit
640 2398 677 2453 ut
702 2397 837 2466 aunum,
867 2386 901 2452 iu
928 2407 991 2474 quo
1017 2386 1164 2454 Athaucs
1189 2407 1298 2453 rerum
1326 2387 1525 2454 Dionearum
1552 2388 1743 2473 principium

227 2491 383 2578 posuerit,
404 2502 481 2576 poet
494 2489 643 2576 Dionysii
663 2489 782 2576 prioris
802 2489 922 2556 cbimm
943 2487 1048 2557 scrisse
1070 2491 1241 2576 septimum
1257 2492 1464 2582 demonstret
1506 2491 1597 2567 Quae
1615 2490 1743 2576 quidem

194 2629 197 2638 ·
226 2595 459 2664 demonstratio
480 2613 522 2660 cc
541 2594 647 2660 miuus
667 2593 756 2660 valet
777 2595 864 2680 qaod
882 2629 925 2642 -
945 2589 1000 2659 ubi
1021 2615 1091 2660 rem
1112 2595 1154 2660 ad
1174 2593 1343 2660 veritctcm
1362 2613 1501 2662 revoces
1523 2631 1562 2642 -
1584 2595 1741 2680 septimus

224 2697 281 2766 illc
302 2719 407 2766 armus
430 2699 472 2766 ed
491 2695 624 2766 nihilum
644 2695 715 2764 sera
734 2697 857 2764 recidit.
899 2697 1057 2765 Nimirum
1078 2709 1113 2762 ut
1133 2697 1272 2764 solidum
1292 2695 1483 2764 efficeretur
1495 2693 1648 2786 ἄγραφον
1669 2697 1742 2766 Plri-

226 2802 292 2870 listi
313 2801 553 2887 septuennium‚
581 2811 709 2886 practer
730 2799 808 2868 illud
829 2801 980 2882 losum,
1006 2801 1095 2887 quod
1117 2811 1153 2866 nt
1175 2800 1370 2886 explicatum
1389 2802 1515 2870 Philisti
1534 2801 1742 2889 Dionysiacis

225 2907 461 2991 posterioribus
474 2905 619 2992 Heynius
640 2903 823 2974 aDiodcro
844 2905 900 2986 „iu
917 2915 1103 2989 computum
1122 2924 1188 2972 uon
1207 2903 1366 2972 relatum“
1387 2907 1579 2986 spumabat,
1601 2927 1644 2974 ex
1664 2897 1752 2974 tem-⁵

225 3009 318 3094 poris
345 3010 451 3094 spatio
477 3007 560 3076 iuter
585 3007 778 3094 Dionysium
806 3008 948 3094 priorem
973 3019 1133 3076 mortuum
1162 3007 1232 3091 (Ol.
1247 3007 1326 3078 cltt.
1350 3010 1388 3092 1)
1416 3021 1449 3076 ct
1473 3031 1530 3078 res
1557 3009 1673 3079 Dionis
1700 3009 1742 3076 ab

222 3110 542 3183 taruanninsae
563 3109 633 3196 (Ol.
649 3110 730 3178 GlV.
751 3109 790 3195 3)
817 3112 924 3180 medic
946 3114 1010 3180 duo
1030 3113 1203 3180 admodum
1230 3097 1285 3180 alii
1305 3111 1518 3198 exsculpeudi
1543 3125 1637 3181 erant
1656 3115 1741 3180 auu'c

194 3289 197 3297 ,
222 3216 321 3292 Quod
342 3215 470 3302 quidem
495 3215 565 3282 fieri
590 3237 657 3282 uon
676 3216 824 3301 potuisse
845 3215 970 3282 clarum
989 3227 1056 3298 cst,
1082 3215 1147 3284 uisi
1170 3218 1283 3284 mortis
1304 3217 1526 3305 Dionysiauac
1547 3210 1674 3300 tempus
1698 3218 1740 3282 cd

223 3318 427 3406 Olympiadis
450 3319 646 3386 centesimae
668 3320 782 3386 tertiae
801 3319 909 3405 ipsum
929 3319 1062 3400 initium,
1082 3339 1194 3386 rerum
1208 3319 1408 3388 Dionearum
1425 3322 1460 3388 in
1476 3341 1577 3407 opere
1591 3317 1739 3388 Atheneo

223 3421 415 3508 principium
438 3423 480 3488 ad
502 3423 663 3510 Olympici
682 3423 734 3490 sni
755 3423 960 3509 anni'ipsum
981 3424 1100 3490 exitum
1120 3421 1308 3492 referretur.

544 3583 551 3602 .
692 3524 742 3592 Ol.
763 3523 884 3594 cult
912 3561 955 3574 -
987 3525 1103 3610 dila.
1124 3525 1201 3594 Clu.
1221 3549 1254 3594 u.

752 3663 795 3676 -
865 3631 886 3696 p
913 3663 955 3678 ..
989 3631 1055 3714 36}
1138 3665 1181 3678 -

752 3765 795 3782 ...
863 3732 885 3800 3
913 3767 956 3782 ...
986 3731 1051 3818 γςρ

753 3871 796 3886 -
865 3837 887 3902 4
912 3869 953 3884 -
988 3835 1052 3923 3δὲ

690 3940 740 4008 Ol
763 3937 884 4008 clv.1
915 3974 958 3990 -·
989 3939 1053 4025 36}

751 4077 793 4094 -
865 4045 886 4110 2
913 4077 955 4092 -
987 4043 1052 4124 θέλ

753 4181 795 4200 -
865 4149 887 4218 3
912 4183 955 4198 ··-
986 4150 1050 4226 36}
1135 4181 1178 4201 -·

309 4254 415 4339 Atque
442 4253 475 4318 in
501 4253 724 4322 constituendo
748 4274 858 4322 rerum
884 4253 1082 4321 Diouearum
1109 4255 1196 4340 apud
1220 4251 1381 4322 Athonem
1410 4252 1566 4338 principio
1593 4253 1737 4341 Heynius

254 4469 302 4548 ¹⁰)
327 4471 411 4536 llaec
431 4479 477 4534 cx'
488 4473 620 4536 Diodoro
641 4477 843 4557 transscripsit
866 4479 969 4538 auctor
989 4469 1184 4560 ἀναγραφῆς
1194 4465 1432 4557 Ὀλυμπιάδων
1452 4472 1490 4534 ad
1508 4471 1620 4534 calcem
1635 4471 1737 4535 Chro-

328 4561 463 4623 uicorum
485 4560 609 4624 Eusebii
633 4561 681 4624 01.
699 4559 775 4626 clv.
799 4562 828 4626 2.
857 4581 886 4643 p.
904 4561 976 4626 ate
1006 4563 1062 4632 Ed.
1078 4562 1115 4626 ll.
1148 4561 1271 4642 Scalig„
1297 4561 1376 4640 apud
1389 4557 1520 4624 Goeller.
1537 4557 1556 4620 l.
1573 4577 1598 4620 c
1620 4577 1647 4639 p.
1668 4557 1739 4620 ild.
