4358 5288
266 729 269 737 ·
334 701 470 772 xm.
514 703 565 770 Ac
584 705 625 768 de
643 701 836 768 Boettchero
859 701 988 787 quidem
1010 701 1104 786 plura
1124 703 1234 769 dicare
1256 704 1342 770 nola.
1386 693 1488 771 Huius
1509 704 1595 770 enirn
1617 727 1769 772 caussam

249 827 346 892 quum
366 806 450 872 male
474 808 603 872 omnino
625 805 761 872 obtineri
783 805 905 872 clarum
926 807 984 886 sit,
1011 806 1074 871 nisi
1097 805 1264 872 Philistum
1286 820 1413 894 septem
1436 821 1599 875 extremos
1621 809 1770 896 Dionysii

249 911 367 994 prioris
388 927 493 978 annos
515 911 643 978 silentio
671 909 895 976 transmisisse
917 907 1060 990 efficias,
1087 909 1150 976 boc
1171 922 1279 977 antem
1305 934 1371 978 non
1397 914 1494 978 ruodo
1520 911 1605 978 ellici
1630 926 1771 999 nequeat

249 1014 309 1078 sed
337 1035 377 1079 ne
405 1016 448 1079 ad
473 1014 758 1080 verisimilitudinis
782 1013 910 1100 quidem
935 1014 1081 1098 speciem
1102 1015 1234 1080 adduci:
1268 1016 1428 1100 opinionis
1450 1015 1536 1081 illius
1558 1018 1768 1100 patrocinium

249 1135 343 1184 nemo
364 1118 445 1198 iam,
467 1121 584 1199 eredo,
606 1115 777 1202 suscipiet,
800 1118 846 1198 ai,
866 1138 948 1204 quas
969 1115 1174 1184 difficultates
1197 1117 1318 1185 babere
1342 1121 1468 1187 videtur
1490 1121 1530 1185 ab
1553 1123 1576 1186 l.
1598 1119 1634 1187 C.
1653 1120 1769 1188 Heldic

248 1223 385 1306 repetita
416 1224 459 1288 lo.
478 1221 564 1288 Frid.
586 1221 725 1287 Conrad.
747 1222 872 1286 Retteri
899 1221 1074 1301 sententio,
1107 1243 1165 1286 eas
1194 1220 1279 1288 haud
1306 1243 1425 1310 magno
1452 1225 1584 1310 negotio
1609 1224 1770 1290 removeri
1851 1278 1854 1282 .

250 1345 350 1409 posse
373 1325 625 1392 demonstrationi
642 1326 710 1390 erit
754 1325 911 1390 Nimirum
934 1325 1086 1411 quoniam
1101 1323 1267 1391 Diodorus
1282 1326 1411 1396 Siculus
1427 1326 1448 1392 l.
1466 1349 1494 1392 c.
1518 1326 1677 1394 Athonem
1693 1327 1770 1392 Dio·

248 1429 300 1494 nis
318 1445 384 1496 'ras
413 1430 454 1494 ab
483 1429 534 1495 Ol.
551 1428 634 1495 etv.
653 1429 691 1495 3:
719 1449 749 1495 a.
766 1427 841 1495 Chr.
856 1451 888 1494 n.
910 1429 974 1494 362
1003 1449 1114 1494 orsum
1141 1429 1317 1513 scripsisse
1346 1430 1447 1496 libros
1474 1422 1628 1496 tredecim
1650 1443 1769 1511 namet,

248 1533 471 1618 assumpsisse
488 1544 595 1598 autent
615 1533 804 1618 inscriptum
821 1542 947 1617 septem
965 1552 1122 1597 annorum
1143 1542 1271 1617 tempus
1293 1554 1313 1597 a
1330 1531 1454 1601 Philisti
1471 1555 1570 1619 opere
1591 1533 1673 1600 libro
1689 1556 1770 1612 uno;

250 1649 281 1702 et
307 1648 513 1721 persecutum
539 1659 595 1703 res
624 1637 807 1702 summatim
836 1635 1019 1700 continuam
1045 1634 1167 1702 fecisse
1195 1635 1376 1717 historiamt
1405 1637 1557 1704 Retterus
1582 1649 1615 1703 ct
1634 1623 1788 1705 Heldins'

251 1738 544 1807 attractatus:
562 1739 805 1806 cananaea
826 1760 892 1804 non
911 1739 1041 1805 omnino
1061 1741 1337 1826 progrediandum
1357 1742 1417 1805 rati
1436 1740 1558 1806 Philisti
1580 1741 1769 1826 inscriptum

252 1841 327 1910 illud
349 1843 494 1912 Diodoro
514 1842 618 1910 tuisse
642 1842 867 1926 septuennium
889 1854 1038 1923 censent,
1062 1845 1167 1930 quod,
1195 1864 1292 1929 qurum
1314 1842 1468 1910 Philistus
1490 1843 1690 1936 Dionysiaca
1711 1865 1772 1911 sna

252 1948 434 2032 posteriora
456 1947 510 2014 Ol.
526 1949 608 2014 etv.
624 1951 663 2014 2:
684 1967 714 2011 a.
727 1944 801 2012 cnr.
814 1967 844 2012 n.
867 1946 931 2012 363
949 1947 1123 2025 linivisset,
1148 1947 1295 2034 Dionysii
1313 1947 1504 2031 posterioris
1525 1949 1643 2032 prioris
1665 1960 1771 2034 tyran·

250 2051 335 2117 nidis
357 2063 544 2132 extremum,
561 2053 635 2118 inde
652 2051 694 2116 ab
715 2049 771 2117 illo
787 2061 933 2134 ternpore
954 2071 1058 2136 usque
1074 2051 1115 2116 ad
1131 2049 1183 2116 Ol.
1197 2049 1278 2116 cvt.
1296 2052 1334 2116 2:
1355 2072 1385 2118 a.
1397 2050 1472 2118 ctn.
1482 2073 1514 2118 rt.
1531 2053 1595 2120 355
1615 2053 1636 2120 i.
1649 2073 1679 2118 e.
1695 2054 1770 2120 inde
1806 2047 1817 2072 '

251 2175 272 2218 a
291 2153 415 2222 Philisti
435 2155 705 2242 Dionysiaoorum
733 2154 948 2239 posteriorum
976 2155 1062 2220 exito
1083 2175 1188 2241 usque
1210 2156 1251 2219 ad
1283 2167 1469 2240 susceptam
1492 2177 1514 2219 a
1534 2155 1641 2223 Dione
1662 2178 1771 2222 rerum

250 2259 528 2344 Syracusanorum
550 2258 856 2324 administrationem
877 2257 1092 2341 supplendum
1113 2257 1261 2324 Athanae
1282 2257 1526 2344 relinqueretur.

339 2361 464 2432 xlv.
537 2363 603 2426 lam
637 2363 722 2446 quod
756 2360 939 2441 Diodorus,
985 2371 1155 2448 postquam
1188 2360 1313 2428 Philisti
1348 2361 1546 2448 Dionysiaca
1587 2363 1770 2446 posteriora

247 2423 391 2542 ..(313.
404 2467 425 2531 2
436 2456 637 2545 terminavit,
659 2486 742 2548 opus
757 2464 940 2532 Athaneum
955 2465 997 2530 ab
1012 2463 1153 2544 otctv.
1168 2465 1188 2529 3
1204 2464 1325 2530 initium
1341 2467 1471 2549 cepisse
1487 2465 1606 2544 scribit,
1629 2466 1667 2552 td
1681 2479 1770 2534 certe

250 2583 315 2640 oon
335 2570 468 2654 impedit
489 2571 658 2656 quominus
679 2567 742 2634 hac
762 2570 836 2654 ipsa
856 2579 948 2653 parte
966 2567 1113 2634 Athenas
1136 2570 1342 2649 „cominuam
1362 2567 1484 2635 fecisse
1500 2569 1690 2635 historiam“
1711 2592 1769 2655 pu-

250 2685 343 2741 tetur.
387 2677 513 2758 Nempe
530 2671 656 2737 Philisti
671 2671 870 2760 Dionysiaca
891 2673 1073 2758 postcn'cra
1094 2693 1159 2736 non
1181 2673 1386 2739 dubitandum
1409 2683 1460 2738 cst
1481 2673 1555 2757 quin
1577 2683 1677 2762 toturn
1698 2671 1769 2740 tore

250 2777 480 2862 usurpaverint
496 2777 700 2862 Olympicum
721 2797 784 2862 qno
808 2776 955 2842 exierant
976 2797 1104 2842 annum.
1148 2777 1253 2852 Quum
1275 2777 1360 2841 enirn
1378 2777 1511 2841 Lenaea
1523 2774 1661 2842 Athenis
1683 2777 1772 2843 circa

250 2881 474 2950 Gantclionem
496 2879 697 2961 nredium,²³)
719 2880 821 2945 nostri
842 2879 917 2944 anni
937 2881 1147 2946 Februarium
1167 2880 1345 2958 ineuntem,
1372 2879 1535 2946 celebrata
1556 2900 1635 2945 esse
1655 2881 1769 2948 venst-

249 2985 415 3050 millinrum
432 2985 593 3048 videatur:
615 2983 859 3048 recordantibus
873 2984 969 3048 uobis
984 2985 1092 3049 nuncii
1104 2981 1314 3049 Atheniensis
1330 3004 1462 3048 cursum
1479 2983 1680 3064 maritimum,
1702 2985 1769 3070 agi·

249 3101 337 3155 totos
365 3086 538 3174 Syracusis
564 3087 607 3150 ab
634 3097 760 3171 partam
786 3087 953 3153 victoriam
985 3087 1056 3152 dics
1088 3084 1270 3168 festos‚²⁸)
1300 3085 1440 3171 denique
1468 3097 1667 3151 contractum
1692 3087 1769 3153 inde

248 3187 446 3256 mortiferum
462 3190 586 3275 tyranni
604 3191 800 3270 morbum²ll
813 3224 855 3238 ·-
879 3189 974 3255 Diod.
987 3189 1058 3255 XV.
1066 3190 1117 3255 tt
1132 3192 1283 3274 lntpp.-
1299 3190 1372 3274 ipse
1391 3189 1539 3276 Dionysii
1561 3190 1679 3275 prioris
1703 3190 1769 3256 obi·

213 3428 217 3444 .
286 3388 333 3464 ²⁵)
354 3389 418 3449 Hoc
439 3386 509 3446 iude
531 3386 627 3464 colligi
650 3391 753 3448 uotum
781 3389 840 3460 est,
869 3387 948 3465 quod
976 3387 1006 3446 in
1031 3389 1133 3448 vetere
1155 3359 1369 3446 sacrificiorum
1395 3385 1492 3446 indice
1516 3379 1657 3466 (Boeelth.
1680 3381 1767 3464 Corp.

355 3475 444 3536 inser.
460 3491 506 3532 nr.
524 3466 597 3554 533)
620 3473 843 3534 undevicesimo
866 3471 1046 3534 Gamelicnia
1068 3472 1127 3534 diei
1149 3463 1319 3542 κιττῶσεις
1334 3465 1501 3534 Διονύσου
1523 3472 1719 3548 assignantur.

286 3579 333 3655 ²⁸)
357 3577 445 3678 Quod
463 3575 747 3677 haecBaccbaualia
763 3595 821 3677 per
842 3578 1046 3653 nonaginta
1069 3576 1133 3635 dies
1153 3576 1288 3636 tenuisse
1310 3575 1358 3676 vel
1373 3573 1453 3655 Frid·
1467 3573 1562 3653 Cbph.
1575 3573 1769 3636 Scblosserus

357 3657 627 3822 ttttttlttt
646 3655 1770 3828 lttttttt.tat.t.tetstatur..tttttttttt
1841 3803 1850 3814 .

357 3829 476 3918 (Athen.
489 3835 527 3895 X.
546 3833 596 3896 tt.
613 3855 648 3922 p.
662 3833 734 3894 435.
754 3834 786 3896 C.
812 3834 856 3896 Cf.
870 3833 903 3894 F.
921 3835 1088 3896 Naumann.
1110 3832 1279 3894 Aristotelis
1301 3833 1495 3912 lterumpubl.
1513 3827 1619 3912 reliqq.
1641 3851 1669 3912 p.
1688 3827 1767 3914 too).
1795 3815 1800 3830 ¹
1846 3827 1864 3864 ⁹*

285 3939 333 4016 ”³
354 3938 708 4086 lttttttttll
731 3937 1190 4086 ttttlt‘ttlttlttt
1205 3935 1623 4084 2¹⁹⁸Ai.¹¹·³¹'ll¹2¹¹l÷¹0'lil¹ll
1637 3933 1768 4082 'illi’

355 4111 438 4172 deor.
454 4109 504 4172 tlt.
529 4130 555 4171 c.
572 4107 622 4172 35.
640 4067 754 4171 tlt'tn
776 4044 1265 4172 ext’ttntott.ptt.v11.aafntbtt
1288 4066 1366 4170 aliud
1390 4111 1527 4190 sequitur
1547 4111 1604 4169 nisi
1626 4127 1686 4168 non
1704 4068 1769 4170 diu:

358 4201 481 4258 turnum
503 4196 596 4258 luisse
612 4215 682 4258 euru
699 4197 846 4257 morbum.
893 4195 982 4270 Quod
998 4197 1121 4275 quidem
1144 4215 1181 4256 eo
1204 4197 1296 4274 tnagis
1313 4197 1432 4256 videtur
1445 4197 1481 4256 ad
1501 4197 1664 4268 veritatem,
1686 4196 1712 4254 si
1728 4225 1769 4237 -

355 4283 384 4344 td
408 4283 488 4361 quod
511 4301 572 4344 non
594 4285 683 4344 modo
705 4282 840 4345 lustinus
862 4281 932 4344 XX.
950 4283 978 4343 5.
999 4287 1071 4343 extr.
1096 4285 1128 4341 ct
1148 4280 1306 4343 Cornelius
1328 4281 1424 4359 Nepos
1446 4279 1465 4341 l.
1485 4301 1510 4341 c.
1538 4281 1591 4341 sed
1616 4283 1768 4343 nominato

356 4368 478 4432 Timaea
505 4374 627 4432 auctore
649 4363 796 4452 (Goeller.
825 4369 844 4429 l.
863 4385 888 4430 c.
911 4369 1009 4446 Frgrn.
1026 4367 1133 4430 XClll.
1155 4387 1183 4446 p.
1201 4361 1279 4450 tat)
1303 4369 1390 4428 etiam
1411 4366 1589 4428 Plutarchus
1615 4367 1634 4427 l.
1653 4387 1678 4428 c.
1701 4385 1768 4427 nar·

355 4461 401 4516 rat
415 4487 457 4499 -
478 4456 587 4517 medici
609 4457 677 4518 dato
700 4473 807 4535 sopore
829 4455 991 4516 valentiore
1008 4457 1124 4534 tyranni
1144 4453 1203 4516 lata
1219 4457 1451 4516 antercrteront
1490 4451 1533 4514 Ci.
1554 4451 1660 4514 Scncc.
1673 4453 1766 4532 Epist

354 4539 452 4604 vat
474 4585 647 4616 ........
648 4543 771 4605 alterius
793 4544 962 4604 continuata
984 4559 1065 4602 mors
1089 4559 1196 4602 somno
1218 4544 1293 4602 est.“

1194 4641 1216 4708 3
