4358 5288
411 707 470 792 ripa
486 701 672 786 Ἀντιγόνου
693 687 902 790 γράφειιί”).
944 705 996 772 Ac
1009 703 1135 771 Philisti
1151 703 1279 790 quidem
1297 703 1360 788 qno
1380 701 1566 770 fallaciores
1586 701 1690 769 fuisse
1710 705 1751 769 dc
1769 703 1924 789 Dionysio

317 879 318 884 ,
410 821 500 895 pauc
522 831 602 894 spes
617 806 809 874 Plutarchus
824 820 857 875 ct
872 807 968 874 Corn.
981 809 1096 891 Nepos
1118 810 1245 887 docent,
1265 805 1329 873 hoc
1344 827 1403 874 eac
1425 808 1574 872 videntur
1593 808 1635 872 ad
1652 807 1771 872 exitum
1792 807 1922 873 venisse

402 905 519 993 atius,
548 923 719 997 postquam
742 912 919 998 Dionysius
939 911 1024 976 iilius
1044 931 1152 976 rerum
1174 910 1293 994 potitus
1315 922 1376 976 cst.
1417 910 1587 982 Platonem
1607 911 1693 976 enim
1710 931 1806 997 quum
1828 911 1924 995 paulo

409 1029 484 1102 post
507 1015 654 1100 Dionysii
672 1016 791 1100 prioris
812 1026 948 1081 mortem
968 1049 1007 1060 -
1034 1011 1232 1090 olente:
1253 1011 1498 1082 actuasset
1517 1049 1559 1062 -·
1588 1014 1770 1101 Syracusas
1791 1009 1923 1081 venisse

385 1137 388 1146 ’
408 1132 551 1200 constat,
573 1120 709 1185 eodem
730 1129 837 1200 autem
857 1129 1036 1202 tempore
1056 1115 1207 1184 Philistus
1228 1117 1351 1184 accitus
1373 1115 1555 1184 aPlatouis
1576 1117 1713 1185 inimicis
1732 1119 1766 1184 in
1781 1118 1923 1184 Siciliam

408 1227 533 1292 dicatur
554 1222 610 1302 (G.
623 1223 660 1288 F.
675 1221 848 1288 Hermann.
872 1220 992 1288 Gcsch.
1013 1223 1077 1285 rmd
1095 1221 1228 1306 System‘
1248 1223 1308 1286 der
1325 1221 1446 1287 Platon.
1461 1221 1583 1288 Philus.
1604 1222 1641 1288 T.
1656 1222 1680 1287 l.
1702 1223 1797 1306 pua.
1823 1222 1923 1288 Brau-

409 1329 470 1392 dis
491 1323 669 1392 Handbuch
691 1326 750 1390 der
767 1324 886 1392 Gesch.
904 1326 963 1390 der
980 1322 1311 1390 Griechiseh2lloem.
1325 1323 1447 1390 Philos.
1464 1325 1501 1390 Τ.
1515 1327 1552 1390 ΙΙ.
1567 1325 1602 1391 Ρ.
1615 1327 1637 1392 l.
1653 1347 1683 1409 p.
1695 1327 1768 1392 145.
1789 1337 1855 1392 not.
1869 1325 1923 1405 iil:
1952 1315 1953 1320 ¹

407 1431 461 1494 rix
481 1429 688 1495 dubitandum
715 1429 775 1494 erit
795 1430 871 1515 quin
893 1427 946 1494 bic
968 1437 1001 1494 et
1027 1428 1100 1512 ipse
1127 1428 1231 1513 primo
1251 1427 1394 1494 recentis
1420 1429 1598 1514 tyrannidis
1620 1449 1705 1495 anno
1733 1429 1767 1494 in
1788 1432 1923 1515 patriam

408 1533 547 1600 redierit.
558 1534 608 1612 ²⁴)
1542 1549 1546 1558 '

491 1637 559 1702 Sed
580 1648 709 1721 tempus
732 1645 784 1700 est
802 1647 837 1698 nt
859 1655 880 1700 a
902 1633 1026 1700 Philisti
1046 1633 1161 1700 exsilio
1182 1637 1224 1700 ad
1250 1634 1352 1702 libros
1373 1636 1445 1702 cius
1471 1635 1628 1703 faciamus
1649 1637 1793 1723 gradum.
1843 1636 1923 1702 lllud

408 1741 493 1806 enim
515 1753 672 1826 quatenns
695 1739 732 1813 in
752 1759 872 1804 caussa
891 1736 1139 1804 Boettcheriana
1158 1738 1277 1806 nullius
1296 1741 1449 1806 momenti
1471 1741 1596 1806 sit-iam
1621 1740 1701 1808 satis
1721 1741 1846 1806 videtur
1865 1761 1922 1806 res

407 1867 468 1928 pro
493 1866 530 1910 se
550 1844 625 1927 ipsa
646 1843 743 1928 loqui.
791 1844 875 1907 Nam
895 1839 1079 1906 Boettcheri
1102 1842 1231 1928 quidam
1253 1856 1476 1930 argumentum
1496 1845 1540 1910 itu
1562 1857 1683 1910 tuntum
1703 1843 1821 1931 aliquid
1843 1865 1922 1929 parn-

407 1947 495 2012 deris
516 1945 666 2027 haberet,
695 1947 725 2012 si
746 1957 801 2012 aut
817 1943 1093 2012 exsitii'Phitistot
1114 1947 1253 2029 spatium
1274 1948 1464 2014 arctioribus
1485 1948 1629 2014 terminis
1651 1947 1921 2036 circumscripsis-

362 2098 369 2112 .
407 2061 458 2116 set
474 2061 528 2115 aut
545 2049 732 2130 Diodorum,
754 2049 807 2114 ubi
828 2048 939 2132 opcris
957 2047 1101 2116 Bbilistei
1117 2047 1280 2114 defectum
1296 2062 1462 2132 memoret,
1484 2073 1543 2135 pro
1561 2062 1686 2136 septem
1709 2053 1803 2120 aunis
1824 2054 1921 2118 maio·

405 2175 475 2220 rem
497 2154 651 2238 posuisse
672 2173 840 2217 nnmerum
861 2173 880 2218 e
898 2153 1062 2218 codicibus
1085 2151 1259 2220 effecisset.
1300 2155 1346 2224 At
1360 2174 1439 2219 vero
1461 2155 1611 2239 qnoniam
1625 2153 1750 2222 Philisti
1773 2155 1919 2222 exsilium
1938 2227 1941 2238 ¹

407 2302 481 2365 inde
503 2300 544 2364 ab
567 2297 617 2364 01.
630 2237 822 2409 {gg-:52³3
838 2293 868 2364 a.
885 2296 960 2364 Chr.
977 2321 1009 2363 n.
1030 2239 1219 2426 gg-gusqnc
1244 2300 1285 2364 ad
1307 2299 1358 2366 ΟΙ.
1377 2297 1456 2366 Clll.
1475 2303 1512 2378 {a
1534 2321 1563 2365 a.
1582 2299 1656 2368 Chr.
1675 2323 1706 2368 n.
1728 2303 1793 2370 367
1818 2321 1922 2394 annos

408 2427 594 2512 explevisse
614 2429 740 2492 videtur
761 2427 872 2513 viginti
895 2437 949 2500 aut
968 2425 1080 2512 viginti
1101 2449 1218 2507 marm,
1234 2428 1262 2493 si
1283 2427 1448 2493 minimum
1465 2450 1578 2513 ponaS,
1596 2430 1821 2516 duodeviginti,
1843 2430 1927 2550 te,

409 2554 469 2615 prm
491 2541 607 2610 autem,
631 2533 715 2618 quod
733 2529 886 2597 Philistus
911 2531 942 2596 in
960 2553 1062 2616 opere
1079 2553 1139 2598 suo
1155 2531 1306 2597 omisisse
1329 2533 1452 2616 dicitur,
1475 2532 1580 2598 exsilii
1595 2532 1740 2599 Plrilistei
1760 2555 1839 2619 pars
1856 2555 1922 2620 qur·

384 2713 387 2720 Ι
407 2637 481 2700 dem
503 2632 620 2699 suit-
642 2637 701 2700 sed
723 2655 801 2718 pars
825 2645 969 2700 extrema
989 2647 1121 2714 mnam,
1143 2656 1311 2714 annorum,
1332 2646 1366 2700 ut
1387 2647 1439 2701 est
1461 2636 1493 2700 in
1515 2635 1650 2702 Diodori
1671 2636 1919 2722 exemplaribus.

407 2759 471 2803 non
493 2737 567 2821 plus
589 2739 717 2804 onrnino
744 2747 885 2822 septem:
903 2773 944 2784 -·
966 2739 1044 2805 illud
1066 2739 1181 2805 saltem
1202 2737 1255 2802 vel
1275 2738 1466 2804 Roettchero
1489 2741 1730 2806 concedendum
1754 2741 1823 2821 crit,
1845 2737 1920 2807 Dio-

408 2841 542 2928 nysiaca
563 2841 686 2908 Philisti
708 2841 826 2927 priora,
847 2842 921 2907 inde
945 2844 986 2926 ab
1009 2842 1060 2908 Ol.
1074 2841 1185 2908 XClll.
1201 2842 1237 2908 3:
1261 2863 1290 2907 a.
1307 2841 1380 2908 Chr.
1398 2865 1430 2906 n.
1441 2842 1506 2920 110}
1526 2865 1630 2929 usque
1651 2845 1693 2910 ad
1714 2844 1765 2910 Ol.
1782 2843 1879 2910 Chi:
1901 2866 1922 2908 a

408 2945 483 3010 Chr.
499 2946 617 3014 ιι.,374
638 2948 808 3029 perducta,
839 2947 1092 3031 quattuordecim
1120 2959 1174 3011 aut
1195 2947 1365 3026 tredecim,
1392 2946 1420 3011 si
1442 2946 1604 3012 minimum
1625 2969 1745 3031 ponas,
1771 2948 1920 3013 undecim

408 3049 618 3132 complexura
643 3046 746 3114 luisse
774 3071 892 3130 annos,
920 3072 1003 3136 qnos
1031 3049 1180 3134 scriptori
1207 3047 1251 3113 illi
1277 3049 1310 3114 in
1339 3049 1454 3114 exsilio
1484 3062 1666 3116 transactos
1689 3063 1822 3117 constet.
1872 3053 1922 3118 Ac

408 3151 575 3218 Philistum
596 3152 758 3231 exsulem,
786 3174 995 3240 quaecunque
1020 3153 1193 3240 Syrabusis
1216 3163 1422 3236 gererentur,
1450 3153 1722 3220 edoctum-fuisse
1744 3153 1797 3251 yel
1818 3176 1861 3219 ex
1881 3177 1921 3220 eo

406 3257 483 3321 licet
504 3255 619 3320 coniici
640 3258 741 3342 qnod,
771 3258 803 3321 in
825 3257 938 3343 quibus
960 3257 1147 3342 regionibus
1168 3256 1361 3321 domicilium
1384 3256 1617 3338 collocaverat,
1647 3257 1841 3328 commercia
1862 3257 1921 3343 Sy-

407 3379 568 3424 racusana
585 3371 670 3424 stunc
697 3361 804 3443 ipsum
825 3361 970 3446 viguisse
997 3351 1107 3427 notum
1128 3372 1180 3426 est
1200 3363 1213 3438 (
1225 3345 1538 3426 Schweckendieck.
1566 3361 1618 3426 De
1641 3361 1798 3448 Dionysio
1823 3361 1922 3445 priori

409 3487 438 3546 p.
459 3465 555 3528 41-
570 3463 640 3545 44).
690 3465 911 3548 Quapropter,
938 3464 1064 3530 etiamsi
1090 3465 1131 3529 de
1158 3461 1358 3548 imperfectis
1381 3463 1505 3530 Philisti
1527 3465 1735 3552 Dionysiucis
1762 3465 1922 3550 prioribus

409 3567 595 3632 conveniret
620 3567 704 3632 iuter
730 3589 859 3650 omnes,
887 3570 971 3654 quod
998 3568 1031 3633 in
1053 3567 1164 3633 lustris
1185 3567 1259 3652 plus
1284 3579 1379 3653 quam
1401 3569 1526 3634 duobus
1551 3567 1671 3634 nullum
1699 3567 1823 3634 fecerat
1844 3569 1922 3635 scri-

409 3671 504 3736 bendi
530 3691 655 3735 moram
670 3705 712 3716 —
741 3671 904 3752 exsilium,
934 3673 1063 3736 cumino
1085 3691 1163 3738 esse
1192 3671 1420 3754 impedimento
1441 3693 1507 3736 non
1535 3673 1635 3756 potuit
1657 3673 1827 3758 quominus
1849 3669 1922 3738 Phi-

408 3775 517 3866 listns,
540 3774 569 3839 si
589 3795 654 3839 non
678 3774 773 3840 exsul
794 3787 827 3841 at
846 3777 959 3853 redux,
974 3770 1155 3860 ¹antequam
1176 3795 1232 3840 res
1256 3775 1404 3861 Dionysii
1425 3775 1481 3841 lilii
1502 3776 1750 3862 aggrederetur,
1774 3775 1924 3862 Dionysii
2050 3807 2053 3814 ,

407 3878 509 3980 putris
533 3879 619 3962 quod
638 3878 782 3943 restabat
804 3879 1027 3963 septuennium
1052 3871 1278 3963 coeptoope'ri
1300 3880 1517 3966 subiungeret.

410 3981 744 4095 *²³l-De-hl-arcellini
768 4021 833 4083 loco
857 4015 926 4104 (vit.
948 4021 1112 4100 Thucydid.
1131 4013 1199 4102 illl:
1230 4017 1417 4098 „Dilectae
1443 4017 1480 4084 δὲ
1509 4021 1556 4106 τῷ
1582 4023 1645 4104 νέῳ
1666 4021 1833 4104 Διονυσίῳ
1854 4025 1923 4091 τοῖς

512 4100 843 4188 λόγοις·πολεμεῖ“
858 4110 916 4169 vid.
936 4106 1064 4170 Goeller.
1087 4107 1105 4167 l.
1124 4125 1150 4168 c.
1173 4126 1199 4184 p.
1220 4105 1278 4167 118
1295 4127 1360 4186 sqq.
1407 4105 1548 4169 Ceterum
1566 4107 1667 4186 Poppo
1689 4109 1817 4170 coniecit
1832 4108 1922 4188 βοη-

511 4193 596 4269 θεῖ,
622 4193 758 4256 Grauert.
782 4191 1048 4275 συμπολεμεῖ.
1092 4192 1136 4255 ct.
1155 4191 1282 4254 Goeller.
1299 4194 1432 4272 Thucyd.
1455 4193 1511 4254 Ed.
1528 4193 1566 4254 ll.
1593 4193 1662 4254 Vol.
1679 4193 1702 4254 l.
1726 4189 1823 4272 pilai.

444 4289 490 4364 ²⁸)
513 4289 547 4350 ln
569 4289 615 4351 his
638 4296 807 4370 temporum
828 4292 970 4368 angustiis
993 4310 1052 4370 qua
1070 4291 1226 4354 Goellerns
1248 4291 1267 4352 l.
1281 4311 1306 4353 c.
1323 4312 1351 4372 p.
1368 4291 1436 4355 lla.
1459 4296 1572 4355 ratione
1587 4293 1745 4356 Philistum
1766 4299 1819 4366 „ut
1835 4293 1922 4353 exilio

513 4377 642 4438 reditum
664 4379 719 4440 sibi
746 4381 879 4457 pararet,
906 4377 1050 4456 Dionysio
1072 4380 1214 4446 iuniori
1241 4381 1340 4457 potius
1362 4380 1547 4460 palpavissc“
1575 4401 1611 4442 ex
1634 4379 1779 4442 Pausania
1801 4377 1923 4451 eluerit,

514 4465 647 4540 exputari
663 4467 784 4524 omnino
800 4482 861 4524 non
877 4469 987 4542 posset,
1010 4466 1067 4526 nisi
1084 4483 1153 4526 eum
1172 4483 1206 4538 er
1225 4464 1294 4526 ficta
1308 4466 1471 4528 Timonidis
1488 4471 1661 4530 auctoritate
1678 4464 1792 4526 Philisti
1809 4465 1923 4544 relega·
2006 4533 2009 4540 Δ

515 4551 625 4610 tionem
645 4569 742 4630 usque
759 4552 795 4612 ud
814 4553 912 4629 ipsum
925 4549 1059 4630 Dionysii
1073 4552 1179 4630 prioris
1196 4552 1309 4614 obitum
1327 4555 1511 4633 promovisse
1528 4556 1587 4616 iam
1607 4570 1697 4633 supra
1714 4553 1920 4614 rescissemus.
